% Encoding: UTF-8
@article{Mossong2008,
    title     = {Social contacts and mixing patterns relevant to the spread of infectious diseases},
    author    = {Mossong, Jo{\"e}l and Hens, Niel and Jit, Mark and Beutels, Philippe and Auranen, Kari and Mikolajczyk, Rafael and Massari, Marco and Salmaso, Stefania and Tomba, Gianpaolo Scalia and Wallinga, Jacco and others},
    journal   = {PLoS medicine},
    volume    = {5},
    number    = {3},
    year      = {2008},
    publisher = {Public Library of Science}
}

@article{Ferguson2005,
    author    = {Ferguson, Neil M and Cummings, Derek AT and Cauchemez, Simon and Fraser, Christophe and Riley, Steven and Meeyai, Aronrag and Iamsirithaworn, Sopon and Burke, Donald S},
    journal   = {Nature},
    title     = {Strategies for containing an emerging influenza pandemic in Southeast Asia},
    year      = {2005},
    number    = {7056},
    pages     = {209--214},
    volume    = {437},
    publisher = {Nature Publishing Group}
}

@article{Ferguson2020,
    author = {Ferguson, Neil and Laydon, Daniel and Nedjati Gilani, Gemma and Imai, Natsuko and Ainslie, Kylie and Baguelin, Marc and Bhatia, Sangeeta and Boonyasiri, Adhiratha and Cucunuba Perez, ZULMA and Cuomo-Dannenburg, Gina and others},
    title  = {Report 9: Impact of non-pharmaceutical interventions (NPIs) to reduce COVID19 mortality and healthcare demand},
    year   = {2020}
}

@article{Heinemann2020,
    author  = {Heinemann, Pia and Hollersen, Wiebke},
    journal = {Welt am Sonntag},
    title   = {RKI-Präsident im Gespräch: „Man kann zwei Wochen vor Weihnachten versuchen, weniger andere Leute zu treffen“},
    year    = {2020},
    date    = {2020-09-27},
    eprint  = {https://www.welt.de/gesundheit/plus216670476/Coronavirus-RKI-Chef-Wieler-ueber-die-Fallzahlen-im-Herbst.html}
}

@article{Block2020,
    author    = {Block, Per and Hoffman, Marion and Raabe, Isabel J and Dowd, Jennifer Beam and Rahal, Charles and Kashyap, Ridhi and Mills, Melinda C},
    journal   = {Nature Human Behaviour},
    title     = {Social network-based distancing strategies to flatten the COVID-19 curve in a post-lockdown world},
    year      = {2020},
    pages     = {1--9},
    publisher = {Nature Publishing Group}
}

@article{Venkatramanan2018,
    author    = {Srinivasan Venkatramanan and Bryan Lewis and Jiangzhuo Chen and Dave Higdon and Anil Vullikanti and Madhav Marathe},
    journal   = {Epidemics},
    title     = {Using data-driven agent-based models for forecasting emerging infectious diseases},
    year      = {2018},
    month     = {3},
    pages     = {43--49},
    volume    = {22},
    doi       = {10.1016/j.epidem.2017.02.010},
    publisher = {Elsevier {BV}}
}

@misc{Almagor2020,
    author      = {Jonatan Almagor and Stefano Picascia},
    title       = {Can the app contain the spread? An agent-based model of COVID-19 and the effectiveness of smartphone-based contact tracing},
    date        = {2020},
    eprint      = {2008.07336},
    eprintclass = {cs.CY},
    eprinttype  = {arXiv}
}

@misc{DOrazio2020,
    author        = {Marco D'Orazio and Gabriele Bernardini and Enrico Quagliarini},
    title         = {How to restart? An agent-based simulation model towards the definition of strategies for COVID-19 "second phase" in public buildings},
    year          = {2020},
    archiveprefix = {arXiv},
    eprint        = {2004.12927},
    primaryclass  = {physics.soc-ph}
}

@article{Hoertel2020,
    author    = {Nicolas Hoertel and Martin Blachier and Carlos Blanco and Mark Olfson and Marc Massetti and Marina S{\'{a}}nchez Rico and Fr{\'{e}}d{\'{e}}ric Limosin and Henri Leleu},
    journal   = {Nature Medicine},
    title     = {A stochastic agent-based model of the {SARS}-{CoV}-2 epidemic in France},
    year      = {2020},
    month     = {7},
    number    = {9},
    pages     = {1417--1421},
    volume    = {26},
    doi       = {10.1038/s41591-020-1001-6},
    publisher = {Springer Science and Business Media {LLC}}
}

@article{Hinch2020,
    author    = {Robert Hinch and William J M Probert and Anel Nurtay and Michelle Kendall and Chris Wymatt and Matthew Hall and Katrina Lythgoe and Ana Bulas Cruz and Lele Zhao and Andrea Stewart and Luca Ferritti and Daniel Montero and James Warren and Nicole Mather and Matthew Abueg and Neo Wu and Anthony Finkelstein and David G Bonsall and Lucie Abeler-Dorner and Christophe Fraser},
    title     = {{OpenABM}-Covid19 - an agent-based model for non-pharmaceutical interventions against {COVID}-19 including contact tracing},
    year      = {2020},
    month     = {9},
    doi       = {10.1101/2020.09.16.20195925},
    publisher = {Cold Spring Harbor Laboratory}
}

@article{Morawska2020,
    author    = {Lidia Morawska and Julian W. Tang and William Bahnfleth and Philomena M. Bluyssen and Atze Boerstra and Giorgio Buonanno and Junji Cao and Stephanie Dancer and Andres Floto and Francesco Franchimon and Charles Haworth and Jaap Hogeling and Christina Isaxon and Jose L. Jimenez and Jarek Kurnitski and Yuguo Li and Marcel Loomans and Guy Marks and Linsey C. Marr and Livio Mazzarella and Arsen Krikor Melikov and Shelly Miller and Donald K. Milton and William Nazaroff and Peter V. Nielsen and Catherine Noakes and Jordan Peccia and Xavier Querol and Chandra Sekhar and Olli Seppänen and Shin-ichi Tanabe and Raymond Tellier and Kwok Wai Tham and Pawel Wargocki and Aneta Wierzbicka and Maosheng Yao},
    journal   = {Environment International},
    title     = {How can airborne transmission of {COVID}-19 indoors be minimised?},
    year      = {2020},
    month     = {9},
    pages     = {105832},
    volume    = {142},
    doi       = {10.1016/j.envint.2020.105832},
    publisher = {Elsevier {BV}}
}

@article{Anderson2020,
    author    = {Elizabeth L. Anderson and Paul Turnham and John R. Griffin and Chester C. Clarke},
    journal   = {Risk Analysis},
    title     = {Consideration of the Aerosol Transmission for {COVID}-19 and Public Health},
    year      = {2020},
    month     = {5},
    number    = {5},
    pages     = {902--907},
    volume    = {40},
    doi       = {10.1111/risa.13500},
    publisher = {Wiley}
}

@article{Kluge2020,
    author  = {Kluge, Hans Henri P.},
    journal = {WHO Regional Office for Europe},
    title   = {Statement – COVID-19: an update on the COVID-19 situation in the WHO European Region},
    year    = {2020},
    date    = {2020-10-15},
    url     = {https://www.euro.who.int/en/health-topics/health-emergencies/coronavirus-covid-19/statements/statement-covid-19-an-update-on-the-covid-19-situation-in-the-who-european-region},
    urldate = {2020-10-20}
}

@article{Nebehay2020,
    author  = {Nebehay, Stephanie},
    journal = {Reuters},
    title   = {COVID-19 vaccine may be ready by year-end, says WHO's Tedros},
    date    = {2020-10-06},
    url     = {https://www.reuters.com/article/us-health-coronavirus-who-board-idUSKBN26R2BZ},
    urldate = {2020-10-20}
}

@techreport{Europe2020,
    author  = {WHO Regional Office for Europe},
    title   = {Strategic considerations in preparing for deployment of COVID-19 vaccine and vaccination in the WHO European Region.},
    year    = {2020},
    date    = {2020-09-21},
    url     = {https://apps.who.int/iris/bitstream/handle/10665/335940/WHO-EURO2020-1148-40894-55356-eng.pdf},
    urldate = {2020-10-20}
}

@article{Linnartz2020,
    author  = {Linnartz, Mareen},
    journal = {Süddeutsche Zeitung},
    title   = {Schulen sind längst in der "neuen Normalität" angekommen},
    date    = {2020-10-20},
    url     = {https://www.sueddeutsche.de/bildung/schulschliessung-meidinger-corona-1.5084635},
    urldate = {2020-10-20}
}

@article{Zeitung2020,
    author  = {Süddeutsche Zeitung},
    journal = {Süddeutsche Zeitung},
    title   = {Union debattiert über längere Ferien im Winter},
    year    = {2020}
}

@techreport{WHO2020,
    author      = {WHO},
    institution = {WHO Regional Office for Europe},
    title       = {Pandemic fatigue – reinvigorating the public to prevent COVID-19. Policy framework for supporting pandemic prevention and management.},
    year        = {2020},
    address     = {Copenhagen},
    url         = {https://apps.who.int/iris/bitstream/handle/10665/335820/WHO-EURO-2020-1160-40906-55390-eng.pdf},
    urldate     = {2020-10-21}
}

@article{Roeder2020,
    author  = {Röder, Matthias},
    journal = {Ärzte Zeitung},
    title   = {Die Fehler von Ischgl},
    year    = {2020},
    date    = {2020-10-12},
    url     = {https://www.aerztezeitung.de/Politik/Die-Fehler-von-Ischgl-413658.html},
    urldate = {2020-10-21}
}

@article{Kuebart2020,
    author    = {Andreas Kuebart and Martin Stabler},
    journal   = {Tijdschrift voor economische en sociale geografie},
    title     = {Infectious Diseases as Socio-Spatial Processes: The {COVID}-19 Outbreak In Germany},
    year      = {2020},
    month     = {jun},
    number    = {3},
    pages     = {482--496},
    volume    = {111},
    doi       = {10.1111/tesg.12429},
    publisher = {Wiley}
}

@Article{Avery2020,
  author       = {Avery, Christopher and Bossert, William and Clark, Adam and Ellison, Glenn and Ellison, Sara Fisher},
  date         = {2020-11},
  journaltitle = {Journal of Economic Perspectives},
  title        = {An Economist's Guide to Epidemiology Models of Infectious Disease},
  doi          = {10.1257/jep.34.4.79},
  number       = {4},
  pages        = {79-104},
  url          = {https://www.aeaweb.org/articles?id=10.1257/jep.34.4.79},
  volume       = {34},
}

@article{He2020,
    title     = {Temporal dynamics in viral shedding and transmissibility of COVID-19},
    author    = {He, Xi and Lau, Eric HY and Wu, Peng and Deng, Xilong and Wang, Jian and Hao, Xinxin and Lau, Yiu Chung and Wong, Jessica Y and Guan, Yujuan and Tan, Xinghua and others},
    journal   = {Nature medicine},
    volume    = {26},
    number    = {5},
    pages     = {672--675},
    year      = {2020},
    publisher = {Nature Publishing Group}
}

@article{Grimm2020,
    author       = {Grimm, Veronika and Mengel, Friederike and Schmidt, Martin},
    title        = {Extensions of the SEIR Model for the Analysis of Tailored Social Distancing and Tracing Approaches to Cope with COVID-19},
    journal      = {medRxiv},
    year         = {2020},
    abstract     = {In the context of the COVID-19 pandemic, governments worldwide face the challenge of designing tailored measures of epidemic control to provide reliable health protection while allowing more societal and economic activity. In this paper, we propose an extension of the epidemiological SEIR model to enable a detailed analysis of commonly discussed tailored measures of epidemic control - among them group-specific protection and the use of tracing apps. We introduce groups into the SEIR model that may differ both, in their underlying parameters as well as in their behavioral response to public health interventions. We allow for different infectiousness parameters within and across groups, different asymptomatic, hospitalization, and lethality rates, as well as different take-up rates of tracing apps. Our results visualize the sharp trade-offs between different goals of epidemic control, namely a low death toll, avoiding overload of the health system, and a short duration of the epidemic. We show that a combination of tailored mechanisms, e.g., the protection of vulnerable groups together with a {\textquotedblleft}trace \&amp; isolate{\textquotedblright} approach, can be effective in preventing a high death toll. Protection of vulnerable groups without further measures requires unrealistically strict isolation. A key insight is that high compliance is critical for the effectiveness of a {\textquotedblleft}trace \&amp; isolate{\textquotedblright} approach. Our model allows to analyze the interplay of group-specific social distancing and tracing also beyond our case study in scenarios with a large number of groups reflecting, e.g., sectoral, regional, or age differentiation and group-specific take-up rates for tracing apps.Competing Interest StatementThe authors have declared no competing interest.Funding StatementNo external funding was explicitly received for any aspect of the submitted work.Author DeclarationsAll relevant ethical guidelines have been followed; any necessary IRB and/or ethics committee approvals have been obtained and details of the IRB/oversight body are included in the manuscript.YesAll necessary patient/participant consent has been obtained and the appropriate institutional forms have been archived.YesI understand that all clinical trials and any other prospective interventional studies must be registered with an ICMJE-approved registry, such as ClinicalTrials.gov. I confirm that any such study reported in the manuscript has been registered and the trial registration ID is provided (note: if posting a prospective study registered retrospectively, please provide a statement in the trial ID field explaining why the study was not registered in advance).Yes I have followed all appropriate research reporting guidelines and uploaded the relevant EQUATOR Network research reporting checklist(s) and other pertinent material as supplementary files, if applicable.YesThe data used in the paper is also explicitly described in the paper.},
    doi          = {10.1101/2020.04.24.20078113},
    elocation-id = {2020.04.24.20078113},
    eprint       = {https://www.medrxiv.org/content/early/2020/04/29/2020.04.24.20078113.full.pdf},
    publisher    = {Cold Spring Harbor Laboratory Press},
    url          = {https://www.medrxiv.org/content/early/2020/04/29/2020.04.24.20078113}
}

@techreport{Acemoglu2020,
    author      = {Acemoglu, Daron and Chernozhukov, Victor and Werning, Iván and Whinston, Michael D},
    title       = {Optimal Targeted Lockdowns in a Multi-Group SIR Model},
    institution = {National Bureau of Economic Research},
    year        = {2020},
    type        = {Working Paper},
    number      = {27102},
    month       = {5},
    abstract    = {We study targeted lockdowns in a multi-group SIR model where infection, hospitalization and fatality rates vary between groups—in particular between the “young”, “the middle-aged” and the “old”. Our model enables a tractable quantitative analysis of optimal policy. For baseline parameter values for the COVID-19 pandemic applied to the US, we find that optimal policies differentially targeting risk/age groups significantly outperform optimal uniform policies and most of the gains can be realized by having stricter lockdown policies on the oldest group. Intuitively, a strict and long lockdown for the most vulnerable group both reduces infections and enables less strict lockdowns for the lower-risk groups. We also study the impacts of group distancing, testing and contract tracing, the matching technology and the expected arrival time of a vaccine on optimal policies. Overall, targeted policies that are combined with measures that reduce interactions between groups and increase testing and isolation of the infected can minimize both economic losses and deaths in our model.},
    doi         = {10.3386/w27102},
    series      = {Working Paper Series},
    url         = {http://www.nber.org/papers/w27102}
}

@techreport{Berger2020,
    author      = {Berger, David W and Herkenhoff, Kyle F and Mongey, Simon},
    title       = {An SEIR Infectious Disease Model with Testing and Conditional Quarantine},
    institution = {National Bureau of Economic Research},
    year        = {2020},
    type        = {Working Paper},
    number      = {26901},
    month       = {3},
    abstract    = {We extend the baseline Susceptible-Exposed-Infectious-Recovered (SEIR) infectious disease epidemiology model to understand the role of testing and case-dependent quarantine. Our model nests the SEIR model. During a period of asymptomatic infection, testing can reveal infection that otherwise would only be revealed later when symptoms develop. Along with those displaying symptoms, such individuals are deemed known positive cases. Quarantine policy is case-dependent in that it can depend on whether a case is unknown, known positive, known negative, or recovered. Testing therefore makes possible the identification and quarantine of infected individuals and release of non-infected individuals. We fix a quarantine technology—a parameter determining the differential rate of transmission in quarantine—and compare simple testing and quarantine policies. We start with a baseline quarantine-only policy that replicates the rate at which individuals are entering quarantine in the US in March, 2020. We show that the total deaths that occur under this policy can occur under looser quarantine measures and a substantial increase in random testing of asymptomatic individuals. Testing at a higher rate in conjunction with targeted quarantine policies can (i) dampen the economic impact of the coronavirus and (ii) reduce peak symptomatic infections—relevant for hospital capacity constraints. Our model can be plugged into richer quantitative extensions of the SEIR model of the kind currently being used to forecast the effects of public health and economic policies.},
    doi         = {10.3386/w26901},
    series      = {Working Paper Series},
    url         = {http://www.nber.org/papers/w26901}
}

@article{Dorn2020,
    author    = {Florian Dorn and Sahamoddin Khailaie and Marc St\"{o}ckli and Sebastian Binder and Berit Lange and Patrizio Vanella and Timo Wollmersh\"{a}user and Andreas Peichl and Clemens Fuest and Michael Meyer-Hermann},
    title     = {Das gemeinsame Interesse von Gesundheit und Wirtschaft: Eine Szenarienrechnung zur Eind\"{a}mmung der Corona- Pandemie},
    journal   = {ifo Schnelldienst Digital},
    year      = {2020},
    volume    = {1},
    number    = {6},
    issn      = {2700-8371},
    abstract  = {In der \"{o}ffentlichen Diskussion \"{u}ber den weiteren Kurs in der Bek\"{a}mpfung der Corona-Pandemie werden die Interessen des Gesundheitsschutzes oft als Gegensatz zu den Interessen der Wirtschaft dargestellt. Das wird der Problemlage nicht gerecht. Wenn vorzeitige Lockerungen der Beschr\"{a}nkungen zu einer zweiten Infektionswelle f\"{u}hrten, w\"{u}rde das Vertrauen von Konsumenten und Investoren besch\"{a}digt. Viele Unternehmen m\"{u}ssten unabh\"{a}ngig von staatlichen Vorgaben ihre Gesch\"{a}ftst\"{a}tigkeit wieder herunterfahren, die Kosten w\"{a}ren erheblich. Umgekehrt f\"{u}hrt eine Verl\"{a}ngerung der Beschr\"{a}nkungen jedoch auch zu gesundheitlichen Belastungen in anderen Bereichen. Das Ziel sollte deshalb darin bestehen, die weitere Bek\"{a}mpfung der Pandemie tragf\"{a}hig zu gestalten und \"{o}konomische mit gesundheitlichen Zielen bestm\"{o}glich in Einklang zu bringen.},
    address   = {M\"{u}nchen},
    copyright = {http://www.econstor.eu/dspace/Nutzungsbedingungen},
    keywords  = {330},
    language  = {ger},
    publisher = {ifo Institut - Leibniz-Institut f\"{u}r Wirtschaftsforschung an der Universit\"{a}t M\"{u}nchen},
    url       = {http://hdl.handle.net/10419/223322}
}

@article{Cuevas2020,
    author    = {Erik Cuevas},
    title     = {An agent-based model to evaluate the {COVID}-19 transmission risks in facilities},
    journal   = {Computers in Biology and Medicine},
    year      = {2020},
    volume    = {121},
    pages     = {103827},
    month     = {6},
    doi       = {10.1016/j.compbiomed.2020.103827},
    publisher = {Elsevier {BV}},
    url       = {https://doi.org/10.1016/j.compbiomed.2020.103827}
}

@article{Silva2020,
    author    = {Petr{\^{o}}nio C.L. Silva and Paulo V.C. Batista and H{\'{e}}lder S. Lima and Marcos A. Alves and Frederico G. Guimar{\~{a}}es and Rodrigo C.P. Silva},
    title     = {{COVID}-{ABS}: An agent-based model of {COVID}-19 epidemic to simulate health and economic effects of social distancing interventions},
    journal   = {Chaos, Solitons {\&} Fractals},
    year      = {2020},
    volume    = {139},
    pages     = {110088},
    month     = {10},
    doi       = {10.1016/j.chaos.2020.110088},
    publisher = {Elsevier {BV}},
    url       = {https://doi.org/10.1016/j.chaos.2020.110088}
}

@article{Donsimoni2020,
    author    = {Jean Roch Donsimoni and René Glawion and Bodo Plachter and Klaus Wälde},
    title     = {Projecting the spread of COVID-19 for Germany},
    journal   = {German Economic Review},
    year      = {2020},
    volume    = {21},
    number    = {2},
    pages     = {181 - 216},
    address   = {Berlin, Boston},
    doi       = {https://doi.org/10.1515/ger-2020-0031},
    publisher = {De Gruyter},
    url       = {https://www.degruyter.com/view/journals/ger/21/2/article-p181.xml}
}

@article{Peak2020,
    author    = {Corey M Peak and Rebecca Kahn and Yonatan H Grad and Lauren M Childs and Ruoran Li and Marc Lipsitch and Caroline O Buckee},
    title     = {Individual quarantine versus active monitoring of contacts for the mitigation of {COVID}-19: a modelling study},
    journal   = {The Lancet Infectious Diseases},
    year      = {2020},
    volume    = {20},
    number    = {9},
    pages     = {1025--1033},
    month     = {9},
    doi       = {10.1016/s1473-3099(20)30361-3},
    publisher = {Elsevier {BV}},
    url       = {https://doi.org/10.1016/s1473-3099(20)30361-3}
}

@article{McAloon2020,
    author    = {Conor McAloon and {\'{A}}ine Collins and Kevin Hunt and Ann Barber and Andrew W Byrne and Francis Butler and Miriam Casey and John Griffin and Elizabeth Lane and David McEvoy and Patrick Wall and Martin Green and Luke O{\textquotesingle}Grady and Simon J More},
    title     = {Incubation period of {COVID}-19: a rapid systematic review and meta-analysis of observational research},
    journal   = {{BMJ} Open},
    year      = {2020},
    volume    = {10},
    number    = {8},
    pages     = {e039652},
    month     = {8},
    doi       = {10.1136/bmjopen-2020-039652},
    publisher = {{BMJ}},
    url       = {https://doi.org/10.1136/bmjopen-2020-039652}
}

@article{Yin2020,
    author    = {Guosheng Yin and Huaqing Jin},
    journal   = {{JMIR} Public Health and Surveillance},
    title     = {Comparison of Transmissibility of Coronavirus Between Symptomatic and Asymptomatic Patients: Reanalysis of the Ningbo {COVID}-19 Data},
    year      = {2020},
    month     = {5},
    number    = {2},
    pages     = {e19464},
    volume    = {6},
    doi       = {10.2196/19464},
    publisher = {{JMIR} Publications Inc.}
}

@article{Zou2020,
    author    = {Lirong Zou and Feng Ruan and Mingxing Huang and Lijun Liang and Huitao Huang and Zhongsi Hong and Jianxiang Yu and Min Kang and Yingchao Song and Jinyu Xia and Qianfang Guo and Tie Song and Jianfeng He and Hui-Ling Yen and Malik Peiris and Jie Wu},
    journal   = {New England Journal of Medicine},
    title     = {{SARS}-{CoV}-2 Viral Load in Upper Respiratory Specimens of Infected Patients},
    year      = {2020},
    month     = {3},
    number    = {12},
    pages     = {1177--1179},
    volume    = {382},
    doi       = {10.1056/nejmc2001737},
    publisher = {Massachusetts Medical Society}
}

@article{Byrne2020,
    author    = {Andrew William Byrne and David McEvoy and Aine B Collins and Kevin Hunt and Miriam Casey and Ann Barber and Francis Butler and John Griffin and Elizabeth A Lane and Conor McAloon and Kirsty O{\textquotesingle}Brien and Patrick Wall and Kieran A Walsh and Simon J More},
    journal   = {{BMJ} Open},
    title     = {Inferred duration of infectious period of {SARS}-{CoV}-2: rapid scoping review and analysis of available evidence for asymptomatic and symptomatic {COVID}-19 cases},
    year      = {2020},
    month     = {8},
    number    = {8},
    pages     = {e039856},
    volume    = {10},
    doi       = {10.1136/bmjopen-2020-039856},
    publisher = {{BMJ}}
}

@article{Singanayagam2020,
    author    = {Anika Singanayagam and Monika Patel and Andre Charlett and Jamie Lopez Bernal and Vanessa Saliba and Joanna Ellis and Shamez Ladhani and Maria Zambon and Robin Gopal},
    journal   = {Eurosurveillance},
    title     = {Duration of infectiousness and correlation with {RT}-{PCR} cycle threshold values in cases of {COVID}-19, England, January to May 2020},
    year      = {2020},
    month     = {8},
    number    = {32},
    volume    = {25},
    doi       = {10.2807/1560-7917.es.2020.25.32.2001483},
    publisher = {European Centre for Disease Control and Prevention ({ECDC})}
}

@article{Bi2020,
    author    = {Qifang Bi and Yongsheng Wu and Shujiang Mei and Chenfei Ye and Xuan Zou and Zhen Zhang and Xiaojian Liu and Lan Wei and Shaun A. Truelove and Tong Zhang and Wei Gao and Cong Cheng and Xiujuan Tang and Xiaoliang Wu and Yu Wu and Binbin Sun and Suli Huang and Yu Sun and Juncen Zhang and Ting Ma and Justin Lessler and Tiejian Feng},
    title     = {Epidemiology and Transmission of {COVID}-19 in Shenzhen China: Analysis of 391 cases and 1,286 of their close contacts},
    year      = {2020},
    month     = {3},
    doi       = {10.1101/2020.03.03.20028423},
    publisher = {Cold Spring Harbor Laboratory}
}

@article{Tenforde2020,
    author    = {Mark W. Tenforde and Sara S. Kim and Christopher J. Lindsell and Erica Billig Rose and Nathan I. Shapiro and D. Clark Files and Kevin W. Gibbs and Heidi L. Erickson and Jay S. Steingrub and Howard A. Smithline and Michelle N. Gong and Michael S. Aboodi and Matthew C. Exline and Daniel J. Henning and Jennifer G. Wilson and Akram Khan and Nida Qadir and Samuel M. Brown and Ithan D. Peltan and Todd W. Rice and David N. Hager and Adit A. Ginde and William B. Stubblefield and Manish M. Patel and Wesley H. Self and Leora R. Feldstein and Kimberly W. Hart and Robert McClellan and Layne Dorough and Nicole Dzuris and Eric P. Griggs and Ahmed M. Kassem and Paula L. Marcet and Constance E. Ogokeh and Courtney N. Sciarratta and Akshita Siddula and Emily R. Smith and Michael J. Wu and and and and},
    journal   = {{MMWR}. Morbidity and Mortality Weekly Report},
    title     = {Symptom Duration and Risk Factors for Delayed Return to Usual Health Among Outpatients with {COVID}-19 in a Multistate Health Care Systems Network {\textemdash} United States, March{\textendash}June 2020},
    year      = {2020},
    month     = {7},
    number    = {30},
    pages     = {993--998},
    volume    = {69},
    doi       = {10.15585/mmwr.mm6930e1},
    publisher = {Centers for Disease Control {MMWR} Office}
}

@article{Stokes2020,
    author    = {Erin K. Stokes and Laura D. Zambrano and Kayla N. Anderson and Ellyn P. Marder and Kala M. Raz and Suad El Burai Felix and Yunfeng Tie and Kathleen E. Fullerton},
    journal   = {{MMWR}. Morbidity and Mortality Weekly Report},
    title     = {Coronavirus Disease 2019 Case Surveillance {\textemdash} United States, January 22{\textendash}May 30, 2020},
    year      = {2020},
    month     = {6},
    number    = {24},
    pages     = {759--765},
    volume    = {69},
    doi       = {10.15585/mmwr.mm6924e2},
    publisher = {Centers for Disease Control {MMWR} Office}
}

@article{Chen2020,
    author    = {Jun Chen and Tangkai Qi and Li Liu and Yun Ling and Zhiping Qian and Tao Li and Feng Li and Qingnian Xu and Yuyi Zhang and Shuibao Xu and Zhigang Song and Yigang Zeng and Yinzhong Shen and Yuxin Shi and Tongyu Zhu and Hongzhou Lu},
    journal   = {Journal of Infection},
    title     = {Clinical progression of patients with {COVID}-19 in Shanghai, China},
    year      = {2020},
    month     = {5},
    number    = {5},
    pages     = {e1--e6},
    volume    = {80},
    doi       = {10.1016/j.jinf.2020.03.004},
    publisher = {Elsevier {BV}}
}

@article{Gaythorpe2020,
    author    = {Gaythorpe, K and Imai, N and Cuomo-Dannenburg, G and Baguelin, M and Bhatia, S and Boonyasiri, A and Cori, A and Cucunuba Perez, Z and Dighe, A and Dorigatti, I and Fitzjohn, R and Fu, H and Green, W and Griffin, J and Hamlet, A and Hinsley, W and Hong, N and Kwun, M and Laydon, D and Nedjati Gilani, G and Okell, L and Riley, S and Thompson, H and Van Elsland, S and Verity, R and Volz, E and Walker, P and Wang, H and Wang, Y and Walters, C and Whittaker, C and Winskill, P and Xi, X and Donnelly, C and Ghani, A and Ferguson, N},
    title     = {Report 8: Symptom progression of COVID-19},
    year      = {2020},
    doi       = {10.25561/77344},
    keywords  = {COVID19, Coronavirus, Symptom},
    publisher = {Imperial College London}
}

@article{McFadden1989,
    title     = {A method of simulated moments for estimation of discrete response models without numerical integration},
    author    = {McFadden, Daniel},
    journal   = {Econometrica: Journal of the Econometric Society},
    pages     = {995--1026},
    year      = {1989},
    publisher = {JSTOR}
}

@article{Dorn2020a,
    author  = {Florian Dorn and Janos Gabler and Hans-Martin von Gaudecker and Andreas Peichl and Tobias Raabe and Klara R\"{o}rhl},
    title   = {Wenn Menschen (keine) Menschen treffen: Simulation der Auswirkungen von Politikmaßnahmen zur Eindämmung der zweiten Covid-19-Welle},
    journal = {ifo Schnelldienst Digital},
    year    = {2020},
    url     = {https://www.ifo.de/publikationen/ifo-schnelldienst}
}

@article{Priesemann2021,
    author    = {Viola Priesemann and Melanie M Brinkmann and Sandra Ciesek and Sarah Cuschieri and Thomas Czypionka and Giulia Giordano and Deepti Gurdasani and Claudia Hanson and Niel Hens and Emil Iftekhar and Michelle Kelly-Irving and Peter Klimek and Mirjam Kretzschmar and Andreas Peichl and Matja{\v{z}} Perc and Francesco Sannino and Eva Schernhammer and Alexander Schmidt and Anthony Staines and Ewa Szczurek},
    journal   = {The Lancet},
    title     = {Calling for pan-European commitment for rapid and sustained reduction in {SARS}-{CoV}-2 infections},
    year      = {2021},
    month     = {1},
    number    = {10269},
    pages     = {92--93},
    volume    = {397},
    doi       = {10.1016/s0140-6736(20)32625-8},
    publisher = {Elsevier {BV}}
}

@article{Duong2021,
    author    = {Diana Duong},
    journal   = {Canadian Medical Association Journal},
    title     = {What's important to know about the new {COVID}-19 variants?},
    year      = {2021},
    month     = {1},
    number    = {4},
    pages     = {E141--E142},
    volume    = {193},
    doi       = {10.1503/cmaj.1095915},
    publisher = {Joule Inc.}
}

@techreport{Gabler2021,
    author      = {Gabler, Janos and Raabe, Tobias and R{\"o}hrl, Klara and Gaudecker, Hans-Martin von},
    institution = {Institute of Labor Economics (IZA)},
    title       = {Der Effekt von Heimarbeit auf die Entwicklung der Covid-19-Pandemie in Deutschland},
    year        = {2021},
    url         = {https://www.iza.org/publications/s/100/der-effekt-von-heimarbeit-auf-die-entwicklung-der-covid-19-pandemie-in-deutschland}
}

@techreport{Gabler2020,
    author      = {Gabler, Janoś and Raabe, Tobias and Röhrl, Klara and Gaudecker, Hans-Martin von},
    institution = {Institute of Labor Economics (IZA)},
    title       = {Die Bedeutung individuellen Verhaltens über den Jahreswechsel für die Weiterentwicklung der Covid-19-Pandemie in Deutschland},
    year        = {2020},
    url         = {https://www.iza.org/publications/s/99/die-bedeutung-individuellen-verhaltens-uber-den-jahreswechsel-fur-die-weiterentwicklung-der-covid-19-pandemie-in-deutschland}
}

@techreport{Google2021,
    author  = {Google, LLC},
    title   = {Google COVID-19 Community Mobility Reports},
    year    = {2021},
    comment = {Accessed: 2021-02-08},
    url     = {https://www.google.com/covid19/mobility/}
}

@misc{FDSAeDBUDL2018,
    author    = {{Forschungsdatenzentren Der Statistischen Ämter Des Bundes Und Der Länder}},
    title     = {Mikrozensus 2010, CF, Version 0},
    year      = {2018},
    copyright = {Other},
    doi       = {10.21242/12211.2010.00.00.5.1.0},
    keywords  = {20100 Employment Research, 10604 Research, Research Organization, 10303 Population Studies, Sociology of Population, 10100 Basic Research in the Social Sciences, KAT54 Person, Personality, Role, KAT39 Income, KAT38 Occupation, Profession, KAT53 Family},
    language  = {de},
    publisher = {RDC of the Federal Statistical Office and the statistical offices of the Länder (RDC)}
}

@article{Seifried2020,
    author    = {Seifried, Janna and Hamouda, Osamah},
    title     = {Erfassung der SARS-CoV-2-Testzahlen in Deutschland},
    year      = {2020},
    doi       = {10.25646/6634.2},
    keywords  = {SARS-CoV-2, Diagnostik, Testkapazität, ARS, Surveillance, 610 Medizin und Gesundheit},
    language  = {de},
    publisher = {{Robert Koch Institut}}
}

@techreport{Troeger2020,
    author      = {Tr{\"o}ger, Thomas and others},
    institution = {University of Bonn and University of Mannheim, Germany},
    title       = {Optimal Testing and Social Distancing of Individuals With Private Health Signals},
    year        = {2020},
    url         = {https://www.crctr224.de/en/research-output/discussion-papers/archive/2020/DP229}
}

@article{Hunter2021,
    author    = {Hunter, Paul R. and Brainard, Julii},
    title     = {Estimating the effectiveness of the Pfizer {COVID}-19 {BNT}162b2 vaccine after a single dose. A reanalysis of a study of {real-world} vaccination outcomes from Israel},
    year      = {2021},
    month     = {2},
    comment   = {effectiveness 21 days after first shoot is 90 pct and then levels off.},
    doi       = {10.1101/2021.02.01.21250957},
    publisher = {Cold Spring Harbor Laboratory}
}

@article{Petter2021,
    author    = {Ella Petter and Orna Mor and Neta Zuckerman and Danit Oz-Levi and Asaf Younger and Dvir Aran and Yaniv Erlich},
    title     = {Initial real world evidence for lower viral load of individuals who have been vaccinated by {BNT}162b2},
    year      = {2021},
    month     = {2},
    comment   = {Our estimate suggests that vaccination reduces the viral load by 1.6x to 20x in individuals who are positive for SARS-CoV-2.},
    doi       = {10.1101/2021.02.08.21251329},
    publisher = {Cold Spring Harbor Laboratory}
}

@article{LevineTiefenbrun2021,
    author    = {Matan Levine-Tiefenbrun and Idan Yelin and Rachel Katz and Esma Herzel and Ziv Golan and Licita Schreiber and Tamar Wolf and Varda Nadler and Amir Ben-Tov and Jacob Kuint and Sivan Gazit and Tal Patalon and Gabriel Chodick and Roy Kishony},
    title     = {Decreased {SARS}-{CoV}-2 viral load following vaccination},
    year      = {2021},
    month     = {2},
    comment   = {"we find that the viral load is reduced 4-fold for infections occurring 12-28 days after the first dose of vaccine." In the paper: " these Ct differences represent a viral load ratio ranging from 2.96 to 4.68. " and "Given that a difference of 1Ct unit is approximately equivalent to a factor of 2 in the number of viral particles per sample, these Ct differences represent a decrease of 2.8–4.5-fold in viral load in vaccinated individuals".},
    doi       = {10.1101/2021.02.06.21251283},
    publisher = {Cold Spring Harbor Laboratory}
}

@article{Hemmer2021,
    author    = {Christoph Josef Hemmer and Frank Hufert and Stefan Siewert and Emil Reisinger},
    journal   = {Deutsches Aerzteblatt Online},
    title     = {Protection from COVID-19—the efficacy of face masks},
    year      = {2021},
    issn      = {1866-0452},
    comment   = {das Tragen von Masken vom Typ N95 (entspricht etwa FFP2) und chirurgischer Masken bezie-hungsweise ähnlicher mehrlagiger Baumwollmasken das Infektionsrisiko des Trä-gers bedeutend verringern kann (relatives Risiko: 0,34; 95-%-Konfidenzintervall: [0,26; 0,45]},
    doi       = {10.3238/arztebl.m2021.0119},
    publisher = {Deutscher Aerzteverlag}
}

@article{Lipsitch2021,
    author    = {Marc Lipsitch and Rebecca Kahn},
    title     = {Interpreting vaccine efficacy trial results for infection and transmission},
    year      = {2021},
    month     = {2},
    comment   = {Applying this approach to published data from the RCT of the Moderna vaccine, we estimate that one dose of vaccine reduces the potential for transmission by at least 61%, possibly considerably more.},
    doi       = {10.1101/2021.02.25.21252415},
    publisher = {Cold Spring Harbor Laboratory}
}

@article{Lyngse2021,
    author    = {Frederik Plesner Lyngse and K{\aa}re M{\o}lbak and Kristina Tr{\ae}holt Franck and Claus Nielsen and Robert Leo Skov and Carsten Thure Kirkeby},
    title     = {Association between {SARS}-{CoV}-2 Transmission Risk, Viral Load, and Age: A Nationwide Study in Danish Households},
    year      = {2021},
    month     = {3},
    comment   = {Figure 3 shows transmission risk by age (low for children and young adults then increasing in age).},
    doi       = {10.1101/2021.02.28.21252608},
    publisher = {Cold Spring Harbor Laboratory}
}

@article{Davies2021,
    author    = {Nicholas G. Davies and Sam Abbott and Rosanna C. Barnard and Christopher I. Jarvis and Adam J. Kucharski and James D. Munday and Carl A. B. Pearson and Timothy W. Russell and Damien C. Tully and Alex D. Washburne and Tom Wenseleers and Amy Gimma and William Waites and Kerry L. M. Wong and Kevin van Zandvoort and Justin D. Silverman and Karla Diaz-Ordaz and Ruth Keogh and Rosalind M. Eggo and Sebastian Funk and Mark Jit and Katherine E. Atkins and W. John Edmunds and and},
    journal   = {Science},
    title     = {Estimated transmissibility and impact of {SARS}-{CoV}-2 lineage B.1.1.7 in England},
    year      = {2021},
    month     = {3},
    comment   = {B.1.1.7 "has a 43–90 pct (range of 95 pct credible intervals 38–130 pct) higher reproduction number than preexisting variants." and it "exhibits a similar transmission increase (59–74 pct) in Denmark, Switzerland, and the United States."},
    doi       = {10.1126/science.abg3055},
    publisher = {American Association for the Advancement of Science ({AAAS})}
}

@article{Pritchard2021,
    author       = {Pritchard, Emma and Matthews, Philippa C. and Stoesser, Nicole and Eyre, David W. and Gethings, Owen and Vihta, Karina-Doris and Jones, Joel and House, Thomas and VanSteenHouse, Harper and Bell, Iain and Bell, John I and Newton, John N and Farrar, Jeremy and Diamond, Ian and Rourke, Emma and Studley, Ruth and Crook, Derrick and Peto, Tim and Walker, A. Sarah and Pouwels, Koen B. and ,},
    journal      = {medRxiv},
    title        = {Impact of vaccination on {SARS}-{CoV}-2 cases in the community: a population-based study using the UK{\textquoteright}s {COVID}-19 Infection Survey},
    year         = {2021},
    comment      = {Lauterbach calculated on this that vaccinated people cause ~90 pct less infections than unvaccinated people (including risk of infection and risk of transmission)},
    abstract     = {Objectives To assess the effectiveness of COVID-19 vaccination in preventing SARS-CoV-2 infection in the community.Design Prospective cohort study.Setting The UK population-representative longitudinal COVID-19 Infection Survey.Participants 373,402 participants aged >=16 years contributing 1,610,562 RT-PCR results from nose and throat swabs between 1 December 2020 and 3 April 2021.Main outcome measures New RT-PCR-positive episodes for SARS-CoV-2 overall, by self-reported symptoms, by cycle threshold (Ct) value (\&lt;30 versus >=30), and by gene positivity (compatible with the B.1.1.7 variant versus not).Results Odds of new SARS-CoV-2 infection were reduced 65\% (95\% CI 60 to 70\%; P\&lt;0.001) in those >=21 days since first vaccination with no second dose versus unvaccinated individuals without evidence of prior infection (RT-PCR or antibody). In those vaccinated, the largest reduction in odds was seen post second dose (70\%, 95\% CI 62 to 77\%; P\&lt;0.001).There was no evidence that these benefits varied between Oxford-AstraZeneca and Pfizer-BioNTech vaccines (P\&gt;0.9).There was no evidence of a difference in odds of new SARS-CoV-2 infection for individuals having received two vaccine doses and with evidence of prior infection but not vaccinated (P=0.89). Vaccination had a greater impact on reducing SARS-CoV-2 infections with evidence of high viral shedding Ct\&lt;30 (88\% reduction after two doses; 95\% CI 80 to 93\%; P\&lt;0.001) and with self-reported symptoms (90\% reduction after two doses; 95\% CI 82 to 94\%; P\&lt;0.001); effects were similar for different gene positivity patterns.Conclusion Vaccination with a single dose of Oxford-AstraZeneca or Pfizer-BioNTech vaccines, or two doses of Pfizer-BioNTech, significantly reduced new SARS-CoV-2 infections in this large community surveillance study. Greater reductions in symptomatic infections and/or infections with a higher viral burden are reflected in reduced rates of hospitalisations/deaths, but highlight the potential for limited ongoing transmission from asymptomatic infections in vaccinated individuals.Registration The study is registered with the ISRCTN Registry, ISRCTN21086382.Competing Interest StatementAll authors have completed the ICMJE uniform disclosure from at www.icmje.org/coi_disclore.pdf and declare: DWE declares lecture fees from Gilead, outside the submitted work; EP, PCM, NS, DWE, JIB, DC, TEAP, ASW, and KBP are employees of the University of Oxford, but not involved in the development or production of the vaccine; JIB act as an unpaid advisor to HMG on Covid but does not sit on the vaccine task force and it not involved in procurement decisions, sits on the Board of OSI who has an investment in Vaccitech who have a royalty from the Oxford-AstraZeneca vaccine when, if ever, it makes a profit; HVS reports personal fees from BioSpyder Technologies, Inc, outside the submitted work; ASW besides funding for this specific study, also received grants from Medical Research Council UK during the conduct of the study; there are no other relationships or activities that could appear to have influenced the submitted work.Clinical TrialISRCTN21086382.Clinical Protocols https://www.ndm.ox.ac.uk/covid-19/covid-19-infection-survey/protocol-and-information-sheets Funding StatementThis study is funded by the Department of Health and Social Care with in-kind support from the Welsh Government, the Department of Health on behalf of the Northern Ireland Government and the Scottish Government. EP, KBP, ASW, TEAP, NS, DE are supported by the National Institute for Health Research Health Protection Research Unit (NIHR HPRU) in Healthcare Associated Infections and Antimicrobial Resistance at the University of Oxford in partnership with Public Health England (PHE) (NIHR200915). ASW and TEAP are also supported by the NIHR Oxford Biomedical Research Centre. EP and KBP are also supported by the Huo Family Foundation. ASW is also supported by core support from the Medical Research Council UK to the MRC Clinical Trials Unit [MC_UU_12023/22] and is an NIHR Senior Investigator. PCM is funded by Wellcome (intermediate fellowship, grant ref 110110/Z/15/Z) and holds an NIHR Oxford BRC Senior Fellowship award. DWE is supported by a Robertson Fellowship and an NIHR Oxford BRC Senior Fellowship. The views expressed are those of the authors and not necessarily those of the National Health Service, NIHR, Department of Health, or PHE. The funder/sponsor did not have any role in the design and conduct of the study; collection, management, analysis, and interpretation of the data; preparation, review, or approval of the manuscript; and decision to submit the manuscript for publication.Author DeclarationsI confirm all relevant ethical guidelines have been followed, and any necessary IRB and/or ethics committee approvals have been obtained.YesThe details of the IRB/oversight body that provided approval or exemption for the research described are given below:The study received ethical approval from the South Central Berkshire B Research Ethics Committee (20/SC/0195).All necessary patient/participant consent has been obtained and the appropriate institutional forms have been archived.YesI understand that all clinical trials and any other prospective interventional studies must be registered with an ICMJE-approved registry, such as ClinicalTrials.gov. I confirm that any such study reported in the manuscript has been registered and the trial registration ID is provided (note: if posting a prospective study registered retrospectively, please provide a statement in the trial ID field explaining why the study was not registered in advance).YesI have followed all appropriate research reporting guidelines and uploaded the relevant EQUATOR Network research reporting checklist(s) and other pertinent material as supplementary files, if applicable.YesData are still being collected for the COVID-19 Infection Survey. De-identified study data are available for access by accredited researchers in the ONS Secure Research Service (SRS) for accredited research purposes under part 5, chapter 5 of the Digital Economy Act 2017. For further information about accreditation, contact Research.Support{at}ons.gov.uk or visit the SRS website.},
    comment      = {Lauterbach calculated on this that vaccinated people cause ~90 pct less infections than unvaccinated people (including risk of infection and risk of transmission)},
    doi          = {10.1101/2021.04.22.21255913},
    elocation-id = {2021.04.22.21255913},
    eprint       = {https://www.medrxiv.org/content/early/2021/04/23/2021.04.22.21255913.full.pdf},
    publisher    = {Cold Spring Harbor Laboratory Press},
    url          = {https://www.medrxiv.org/content/early/2021/04/23/2021.04.22.21255913}
}

@techreport{Harris2021,
    author      = {Harris, Ross and Hall, Jennifer and Zaidi, Asad and Andrews, Nick and Dunbar, J Kevin and Dabrera, Gavin},
    institution = {Public Health England},
    title       = {Impact of vaccination on household transmission of SARS-COV-2 in England},
    year        = {2021},
    comment     = {"These results show that the likelihood of household transmission is 40-50% lower for households in which the index cases are vaccinated 21 days or more prior to testing positive (compared to no vaccination), with similar effects for both ChAdOx1 nCoV-19 and BNT162b2 vaccines"},
    url         = {https://khub.net/documents/135939561/390853656/Impact of vaccination on household transmission of SARS-COV-2 in England.pdf/35bf4bb1-6ade-d3eb-a39e-9c9b25a8122a?t=1619601878136}
}

@article{Thompson2021,
    author    = {Thompson, Mark G and Burgess, Jefferey L and Naleway, Allison L and Tyner, Harmony L and Yoon, Sarang K and Meece, Jennifer and Olsho, Lauren EW and Caban-Martinez, Alberto J and Fowlkes, Ashley and Lutrick, Karen and others},
    journal   = {Morbidity and Mortality Weekly Report},
    title     = {Interim estimates of vaccine effectiveness of BNT162b2 and mRNA-1273 COVID-19 vaccines in preventing SARS-CoV-2 infection among health care personnel, first responders, and other essential and frontline workers—eight US locations, December 2020--March 2021},
    year      = {2021},
    number    = {13},
    pages     = {495},
    volume    = {70},
    comment   = {"Vaccine effectiveness of full immunization with two doses of mRNA vaccines was 90% (95% CI = 68%–97%) against RT-PCR–confirmed SARS-CoV-2 infection"},
    publisher = {Centers for Disease Control and Prevention},
    url       = {https://www.cdc.gov/mmwr/volumes/70/wr/mm7013e3.htm?s_cid=mm7013e3_w}
}

@article{Marsh2021,
    author    = {Glenn A. Marsh and Alexander J. McAuley and Gough G. Au and Sarah Riddell and Daniel Layton and Nagendrakumar B. Singanallur and Rachel Layton and Jean Payne and Peter A. Durr and Hannah Bender and Jennifer A. Barr and John Bingham and Victoria Boyd and Sheree Brown and Matthew P. Bruce and Kathie Burkett and Teresa Eastwood and Sarah Edwards and Tamara Gough and Kim Halpin and Jenni Harper and Clare Holmes and William S. J. Horman and Petrus Jansen van Vuren and Suzanne Lowther and Kate Maynard and Kristen D. McAuley and Matthew J. Neave and Timothy Poole and Christina Rootes and Brenton Rowe and Elisha Soldani and Vittoria Stevens and Cameron R. Stewart and Willy W. Suen and Mary Tachedjian and Shawn Todd and Lee Trinidad and Duane Walter and Naomi Watson and Trevor W. Drew and Sarah C. Gilbert and Teresa Lambe and S. S. Vasan},
    journal   = {npj Vaccines},
    title     = {{ChAdOx}1 {nCoV}-19 ({AZD}1222) vaccine candidate significantly reduces {SARS}-{CoV}-2 shedding in ferrets},
    year      = {2021},
    month     = {may},
    number    = {1},
    volume    = {6},
    comment   = {"All vaccine treatment groups presented statistically significant reductions in virus loads in nasal-wash and oral swab samples compared to control animals, demonstrating a vaccine-induced reduction in viral shedding"},
    doi       = {10.1038/s41541-021-00315-6},
    publisher = {Springer Science and Business Media {LLC}}
}

@article{Sui2021,
    author    = {Zhiwei Sui and Xinhua Dai and Qingbin Lu and Yulan Zhang and Min Huang and Shufen Li and Tao Peng and Jie Xie and Yongzhuo Zhang and Chunchen Wu and Jianbo Xia and Lianhua Dong and Jiayi Yang and Wenfeng Huang and Siyuan Liu and Ziquan Wang and Ke Li and Qingfang Yang and Xi Zhou and Ying Wu and Wei Liu and Xiang Fang and Ke Peng},
    journal   = {Signal Transduction and Targeted Therapy},
    title     = {Viral dynamics and antibody responses in people with asymptomatic {SARS}-{CoV}-2 infection},
    year      = {2021},
    month     = {may},
    number    = {1},
    volume    = {6},
    comment   = {The incidence rate of asymptomatic infection is ~2.92/100,000. These individuals had low viral copy numbers (peaked at 315 copies/mL) and short-lived antibody responses with the estimated diminish time of 69 days. The antibody responses in individuals with persistent SARS-CoV-2 infection is much longer with the estimated diminish time of 257 days. These results imply that the immune responses in the asymptomatic individuals are not potent enough for preventing SARS-CoV-2 re-infection},
    doi       = {10.1038/s41392-021-00596-2},
    publisher = {Springer Science and Business Media {LLC}}
}

@article{Davies2020,
    author    = {Nicholas G. Davies and Petra Klepac and Yang Liu and Kiesha Prem and Mark Jit and Rosalind M. Eggo},
    journal   = {Nature Medicine},
    title     = {Age-dependent effects in the transmission and control of {COVID}-19 epidemics},
    year      = {2020},
    month     = {6},
    number    = {8},
    pages     = {1205--1211},
    volume    = {26},
    doi       = {10.1038/s41591-020-0962-9},
    publisher = {Springer Science and Business Media {LLC}},
    comment   = {Source of the susceptibility data}
}

@Misc{Betsch2021,
  author    = {Betsch, Cornelia and Korn, Lars and Felgendreff, Lisa and Eitze, Sarah and Schmid, Philipp and Sprengholz, Philipp and Wieler, Lothar and Schmich, Patrick and Stollorz, Volker and Ramharter, Michael and Bosnjak, Michael and Omer, Saad B. and Thaiss, Heidrun and De Bock, Freia and Von Rüden, Ursula},
  title     = {COVID-19 Snapshot Monitoring (COSMO Germany) - Wave 41},
  doi       = {10.23668/PSYCHARCHIVES.4783},
  language  = {de},
  comment   = {41th wave. 20th of April. "Fast zwei Drittel der Personen, die gelegentlich oder immer vor Ort arbeiten, wurden bereits Tests am Arbeitsplatz angeboten. Davon nehmen 60% das Angebot auch regelmäßig wahr."},
  copyright = {individual agreement},
  keywords  = {150},
  publisher = {PsychArchives},
  year      = {2021},
}

@techreport{DIHK2021,
    author      = {DIHK},
    institution = {Deutscher Industrie- und Handelskammertag},
    title       = {Umfrage der IHK-Organisation zu Corona-Tests in den Unternehmen},
    year        = {2021},
    comment     = {"Die Umfrage hat vom 17. bis 19. März 2021 stattgefunden. 8.000 Unternehmen haben an der Umfrage teilgenommen." "Aktuell testenbereits 19Prozentaller Betriebe ihreBelegschaften"},
    url         = {https://www.dihk.de/resource/blob/48068/e4fd68d36b074e63530cbe34f98e318a/startumfrage-coronatests-data.pdf}
}

@techreport{Ahlers2021,
    author      = {Ahlers, Elke and Lübker, Malte and Jung, Rainer},
    institution = {Wirtschafts- und Sozialwissenschaftlichen Institut},
    title       = {Schleppender Start für wöchentliche Corona-Schnelltests am Arbeitsplatz: Nur 23 Prozent der Beschäftigten haben schon Zugang},
    year        = {2021},
    comment     = {Nur 23 Prozent der befragten Beschäftigten berichteten in der zweiten Märzhälfte, dass alle Präsenzbeschäftigten in ihrem Betrieb schon mindestens einmal pro Woche einen Schnelltest machen können.},
    url         = {https://www.boeckler.de/de/pressemitteilungen-2675-schleppender-start-fur-wochentliche-corona-schnelltests-am-arbeitsplatz-31982.htm}
}

@unpublished{ZDF2021,
    author  = {Zweites Deutsches Fernsehen},
    title   = {Pläne für Unternehmen: Was Sie zur Testpflicht wissen müssen},
    month   = apr,
    year    = {2021},
    comment = {"Nach einer Umfrage im Auftrag der Bundesregierung hatten zuletzt 61 Prozent der Beschäftigten einen Arbeitgeber, der Corona-Tests anbietet."},
    url     = {https://www.zdf.de/nachrichten/wirtschaft/corona-test-pflicht-arbeitsplatz-100.html}
}

@unpublished{AerzteZeitung2021,
    author  = {ÄrzteZeitung},
    title   = {Pandemie-Management: Testpflicht in Unternehmen beschlossen},
    month   = apr,
    year    = {2021},
    comment = {"Wie es insbesondere um das Testaufkommen in Betrieben bestellt ist, wollte die Bundesregierung jetzt genauer wissen. Und ließ ab Mitte März 2500 Beschäftigte und 1000 Arbeitgeber-Repräsentanten dazu befragen. " 

"Danach gaben 61 Prozent der Beschäftigten zu Protokoll, von ihrem Arbeitgeber Testangebote zu bekommen. Von den übrigen 39 Prozent hätten wiederum 30 Prozent berichtet, der Arbeitgeber habe ihnen Testangebote in Aussicht gestellt.

Damit erhielten „insgesamt etwa 70 Prozent der Beschäftigten ein Testangebot oder es wurde ihnen zumindest angekündigt. Mitte März lag dieser Anteil bei 35 Prozent“, schreibt das Ministerium."},
    url     = {https://www.aerztezeitung.de/Wirtschaft/Corona-Schnelltests-kommen-bei-Arbeitgebern-und-Beschaeftigten-gut-an-418618.html}
}

@techreport{Janssen2021,
    author      = {Janssen, Hilke},
    institution = {Norddeutscher Rundfunk},
    title       = {Ab sofort gilt: Ein Corona-Test pro Woche vom Arbeitgeber},
    year        = {2021},
    comment     = {2021-04-20. "Unternehmen müssen ihren Mitarbeitenden ab sofort wöchentlich einen Corona-Test anbieten. Verpflichten können die Betriebe ihre Beschäftigten nicht. Auch die Ergebnisse dürfen sie nicht kontrollieren."},
    url         = {https://www.ndr.de/nachrichten/niedersachsen/Ab-heute-gilt-Ein-Corona-Test-pro-Woche-vom-Arbeitgeber,testpflicht132.html}
}

@techreport{Bundesanzeiger2021,
    author      = {Bundesanzeiger},
    institution = {Bundesministerium für Arbeit und Soziales},
    title       = {Zweite Verordnung zur Änderung der SARS-CoV-2-Arbeitsschutzverordnung},
    year        = {2021},
    comment     = {https://www.bmas.de/DE/Service/Gesetze-und-Gesetzesvorhaben/sars-cov-2-arbeitsschutzverordnung.html There it says that every employee has a right to two tests per week.},
    url         = {https://www.bmas.de/SharedDocs/Downloads/DE/Gesetze/zweite-aenderungsverordnung-sars-cov-2-arbeitsschutzverordnung.pdf}
}

@article{Hale2020,
    author  = {Hale, Thomas and Atav, Tilbe and Hallas, Laura and Kira, Beatriz and Phillips, Toby and Petherick, Anna and Pott, Annalena},
    journal = {Blavatnik School of Government},
    title   = {Variation in US states responses to COVID-19},
    year    = {2020},
    comment = {source for the Oxford stringency index}
}

@article{Hoang2019,
    author  = {Hoang, Thang and Coletti, Pietro and Melegaro, Alessia and Wallinga, Jacco and Grijalva, Carlos G and Edmunds, John W and Beutels, Philippe and Hens, Niel},
    journal = {Epidemiology},
    title   = {A systematic review of social contact surveys to inform transmission models of close-contact infections},
    year    = {2019},
    number  = {5},
    pages   = {723},
    volume  = {30},
    doi     = {10.1097/EDE.0000000000001047},
    url     = {http://www.socialcontactdata.org/}
}

@misc{Contreras2021,
    author        = {Sebastian Contreras and Jonas Dehning and Sebastian B. Mohr and Simon Bauer and F. Paul Spitzner and Viola Priesemann},
    title         = {Low case numbers enable long-term stable pandemic control without lockdowns},
    year          = {2021},
    archiveprefix = {arXiv},
    eprint        = {2011.11413},
    primaryclass  = {q-bio.PE}
}

@article{Jones2021,
    author       = {Jones, Terry C. and Biele, Guido and M{\"u}hlemann, Barbara and Veith, Talitha and Schneider, Julia and Beheim-Schwarzbach, J{\"o}rn and Bleicker, Tobias and Tesch, Julia and Schmidt, Marie Luisa and Sander, Leif Erik and Kurth, Florian and Menzel, Peter and Schwarzer, Rolf and Zuchowski, Marta and Hofmann, J{\"o}rg and Krumbholz, Andi and Stein, Angela and Edelmann, Anke and Corman, Victor Max and Drosten, Christian},
    journal      = {Science},
    title        = {Estimating infectiousness throughout SARS-CoV-2 infection course},
    year         = {2021},
    issn         = {0036-8075},
    abstract     = {Two elementary parameters for quantifying viral infection and shedding are viral load and whether samples yield a replicating virus isolate in cell culture. We examined 25,381 German SARS-CoV-2 cases, including 6110 from test centres attended by pre-symptomatic, asymptomatic, and mildly-symptomatic (PAMS) subjects, 9519 who were hospitalised, and 1533 B.1.1.7 lineage infections. The youngest had mean log10 viral load 0.5 (or less) lower than older subjects and an estimated ~78\% of the peak cell culture replication probability, due in part to smaller swab sizes and unlikely to be clinically relevant. Viral loads above 109 copies per swab were found in 8\% of subjects, one-third of whom were PAMS, with mean age 37.6. We estimate 4.3 days from onset of shedding to peak viral load (8.1) and cell culture isolation probability (0.75). B.1.1.7 subjects had mean log10 viral load 1.05 higher than non-B.1.1.7, with estimated cell culture replication probability 2.6 times higher.},
    doi          = {10.1126/science.abi5273},
    elocation-id = {eabi5273},
    eprint       = {https://science.sciencemag.org/content/early/2021/05/24/science.abi5273.full.pdf},
    publisher    = {American Association for the Advancement of Science},
    url          = {https://science.sciencemag.org/content/early/2021/05/24/science.abi5273}
}

@article{Lessler2021,
    author    = {Justin Lessler and M. Kate Grabowski and Kyra H. Grantz and Elena Badillo-Goicoechea and C. Jessica E. Metcalf and Carly Lupton-Smith and Andrew S. Azman and Elizabeth A. Stuart},
    journal   = {Science},
    title     = {Household {COVID}-19 risk and in-person schooling},
    year      = {2021},
    month     = {4},
    number    = {6546},
    pages     = {1092--1097},
    volume    = {372},
    doi       = {10.1126/science.abh2939},
    publisher = {American Association for the Advancement of Science ({AAAS})}
}

@misc{KochInstitut2021,
    author    = {Seifried, Janna and Böttcher, Sindy and Oh, Djin-Ye and Michel, Janine and Nitsche, Andreas and Mirjam A., Jenny and Wieler, Lothar H. and Antão, Esther-Maria and Jung-Sendzik, Tanja and Dürrwald, Ralf and Diercke, Michaela and Haas, Walter and Abu Sin, Muna and Eckmanns, Tim and Hamouda, Osamah and Mielke, Martin},
    title     = {Was ist bei Antigentests zur Eigenanwendung (Selbsttests) zum Nachweis von SARS-CoV-2 zu beachten?},
    year      = {2021},
    doi       = {10.25646/8040},
    keywords  = {SARS-CoV-2, Testverfahren, RT-PCR, Antigentest, Selbsttest, 610 Medizin und Gesundheit},
    language  = {de},
    publisher = {{Robert Koch Institut}}
}


@article{Bruemmer2021,
    author    = {Lukas E. Br\"{u}mmer and Stephan Katzenschlager and Mary Gaeddert and Christian Erdmann and Stephani Schmitz and Marc Bota and Maurizio Grilli and Jan Larmann and Markus A. Weigand and Nira R. Pollock and Sergio Carmona and Stefano Ongarello and Jilian Sacks and Claudia M. Denkinger},
    title     = {The accuracy of novel antigen rapid diagnostics for {SARS}-{CoV}-2: a living systematic review and meta-analysis},
    year      = {2021},
    month     = {mar},
    doi       = {10.1101/2021.02.26.21252546},
    publisher = {Cold Spring Harbor Laboratory}
}

@article{Hodcroft2021,
    author    = {Emma B. Hodcroft and Moira Zuber and Sarah Nadeau and Timothy G. Vaughan and Katharine H. D. Crawford and Christian L. Althaus and Martina L. Reichmuth and John E. Bowen and Alexandra C. Walls and Davide Corti and Jesse D. Bloom and David Veesler and David Mateo and Alberto Hernando and I{\~{n}}aki Comas and Fernando Gonz{\'{a}}lez Candelas and I{\~{n}}aki Comas and Fernando Gonz{\'{a}}lez-Candelas and Galo Adrian Goig and {\'{A}}lvaro Chiner-Oms and Irving Cancino-Mu{\~{n}}oz and Mariana Gabriela L{\'{o}}pez and Manuela Torres-Puente and Inmaculada Gomez-Navarro and Santiago Jim{\'{e}}nez-Serrano and Lidia Ruiz-Rold{\'{a}}n and Mar{\'{i}}a Alma Bracho and Neris Garc{\'{i}}a-Gonz{\'{a}}lez and Ll{\'{u}}cia Mart{\'{i}}nez-Priego and Inmaculada Gal{\'{a}}n-Vendrell and Paula Ruiz-Hueso and Griselda De Marco and Maria Loreto Ferr{\'{u}}s and Sandra Carb{\'{o}}-Ram{\'{i}}rez and Giuseppe D'Auria and Mireia Coscoll{\'{a}} and Paula Ruiz-Rodr{\'{i}}guez and Francisco Javier Roig-Sena and Isabel Sanmart{\'{i}}n and Daniel Garcia-Souto and Ana Pequeno-Valtierra and Jose M. C. Tubio and Jorge Rodr{\'{i}}guez-Castro and Nuria Rabella and Ferr{\'{a}}n Navarro and Elisenda Mir{\'{o}} and Manuel Rodr{\'{i}}guez-Iglesias and F{\'{a}}tima Gal{\'{a}}n-Sanchez and Salud Rodriguez-Pallares and Mar{\'{i}}a de Toro and Mar{\'{i}}a Bea Escudero and Jos{\'{e}} Manuel Azcona-Guti{\'{e}}rrez and Miriam Blasco Alberdi and Alfredo Mayor and Alberto L. Garc{\'{i}}a-Basteiro and Gemma Moncunill and Carlota Doba{\~{n}}o and Pau Cister{\'{o}} and Dar{\'{i}}o Garc{\'{i}}a-de-Viedma and Laura P{\'{e}}rez-Lago and Marta Herranz and Jon Sicilia and Pilar Catal{\'{a}}n-Alonso and Patricia Mu{\~{n}}oz and Cristina Mu{\~{n}}oz-Cuevas and Guadalupe Rodr{\'{i}}guez-Rodr{\'{i}}guez and Juan Alberola-Enguidanos and Jose Miguel Nogueira and Juan Jos{\'{e}} Camarena and Antonio Rezusta and Alexander Tristancho-Bar{\'{o}} and Ana Milagro and Nieves Felisa Mart{\'{i}}nez-Cameo and Yolanda Gracia-Grataloup and Elisa Martr{\'{o}} and Antoni E. Bordoy and Anna Not and Adri{\'{a}}n Antuori-Torres and Rafael Benito and Sonia Algarate and Jessica Bueno and Jose Luis del Pozo and Jose Antonio Boga and Cristi{\'{a}}n Castell{\'{o}}-Abietar and Susana Rojo-Alba and Marta Elena Alvarez-Argüelles and Santiago Melon and Maitane Aranzamendi-Zaldumbide and Andrea Vergara-G{\'{o}}mez and Jovita Fern{\'{a}}ndez-Pinero and Miguel J. Mart{\'{i}}nez and Jordi Vila and Elisa Rubio and Aida Peir{\'{o}}-Mestres and Jessica Navero-Castillejos and David Posada and Diana Valverde and Nuria Est{\'{e}}vez-G{\'{o}}mez and Iria Fernandez-Silva and Loretta de Chiara and Pilar Gallego-Garc{\'{i}}a and Nair Varela and Rosario Moreno and Maria Dolores Tirado and Ulises Gomez-Pinedo and M{\'{o}}nica Gozalo-Margüello and Maria Eliecer-Cano and Jos{\'{e}} Manuel M{\'{e}}ndez-Legaza and Jesus Rodr{\'{i}}guez-Lozano and Mar{\'{i}}a Siller and Daniel Pablo-Marcos and Antonio Oliver and Jordi Reina and Carla L{\'{o}}pez-Causap{\'{e}} and Andr{\'{e}}s Canut-Blasco and Silvia Hern{\'{a}}ez-Crespo and Maria Luz A. Cord{\'{o}}n and Mar{\'{i}}a-Concepci{\'{o}}n Lec{\'{a}}roz-Agara and Carmen G{\'{o}}mez-Gonz{\'{a}}lez and Amaia Aguirre-Qui{\~{n}}onero and Jos{\'{e}} Israel L{\'{o}}pez-Mirones and Marina Fern{\'{a}}ndez-Torres and Maria Rosario Almela-Ferrer and Nieves Gonzalo-Jim{\'{e}}nez and Maria Montserrat Ruiz-Garc{\'{i}}a and Antonio Galiana and Judith Sanchez-Almendro and Gustavo Cilla and Milagrosa Montes and Luis Pi{\~{n}}eiro and Ane Sorarrain and Jos{\'{e}} Mar{\'{i}}a Marim{\'{o}}n and Maria Dolores Gomez-Ruiz and Jos{\'{e}} Luis L{\'{o}}pez-Hontangas and Eva M. Gonz{\'{a}}lez Barber{\'{a}} and Jos{\'{e}} Mar{\'{i}}a Navarro-Mar{\'{i}} and Irene Pedrosa-Corral and Sara Sanbonmatsu-G{\'{a}}mez and Carmen P{\'{e}}rez-Gonz{\'{a}}lez and Francisco Chamizo-L{\'{o}}pez and Ana Bordes-Ben{\'{i}}tez and David Navarro and Eliseo Albert and Ignacio Torres and Isabel Gasc{\'{o}}n and Cristina Juana Torregrosa-Hetland and Eva Pastor-Boix and Paloma Cascales-Ramos and Bego{\~{n}}a Fuster-Escriv{\'{a}} and Concepci{\'{o}}n Gimeno-Cardona and Mar{\'{i}}a Dolores Ocete and Rafael Medina-Gonzalez and Julia Gonz{\'{a}}lez-Cant{\'{o}} and Olalla Mart{\'{i}}nez-Macias and Bego{\~{n}}a Palop-Borr{\'{a}}s and Inmaculada de Toro and Maria Concepci{\'{o}}n Mediavilla-Gradolph and Mercedes P{\'{e}}rez-Ruiz and {\'{O}}scar Gonz{\'{a}}lez-Recio and M{\'{o}}nica Guti{\'{e}}rrez-Rivas and Encarnaci{\'{o}}n Simarro-C{\'{o}}rdoba and Julia Lozano-Serra and Lorena Robles-Fonseca and Adolfo de Salazar and Laura Vi{\~{n}}uela-Gonz{\'{a}}lez and Natalia Chueca and Federico Garc{\'{i}}a and Cristina G{\'{o}}mez-Camarasa and Ana Carvajal and Raul de la Puente and Vicente Mart{\'{i}}n-S{\'{a}}nchez and Juan-Miguel Fregeneda-Grandes and Antonio Jos{\'{e}} Molina and H{\'{e}}ctor Argüello and Tania Fern{\'{a}}ndez-Villa and Maria Amparo Farga-Mart{\'{i}} and Victoria Dom{\'{i}}nguez-M{\'{a}}rquez and Jos{\'{e}} Javier Costa-Alcalde and Roc{\'{i}}o Trastoy and Gema Barbeito-Casti{\~{n}}eiras and Amparo Coira and Mar{\'{i}}a Luisa P{\'{e}}rez-del-Molino and Antonio Aguilera and Anna M. Planas and Alex Soriano and Israel Fernandez-C{\'{a}}denas and Jordi P{\'{e}}rez-Tur and Maria {\'{A}}ngeles Marcos and Antonio Moreno-Doc{\'{o}}n and Esther Viedma and Jes{\'{u}}s Mingorance and Juan Carlos Gal{\'{a}}n-Montemayor and M{\'{o}}nica Parra-Grande and Tanja Stadler and Richard A. Neher},
    journal   = {Nature},
    title     = {Spread of a {SARS}-{CoV}-2 variant through Europe in the summer of 2020},
    year      = {2021},
    month     = {jun},
    doi       = {10.1038/s41586-021-03677-y},
    publisher = {Springer Science and Business Media {LLC}}
}

@techreport{Swaminathan2021,
    author      = {Swaminathan, Soumya},
    institution = {World Health Organization},
    title       = {Virtual Press conference 11 January 2021},
    year        = {2021},
    comment     = {"because even as vaccines start protecting the most vulnerable we're not going to achieve any levels of population immunity or herd immunity in 2021 and even if it happens in a couple of pockets, in a few countries it's not going to protect people across the world."},
    url         = {https://www.who.int/docs/default-source/coronaviruse/transcripts/covid-19_virtual_press_conference_-_11_january_2021.pdf}
}

@article{Grimm2021,
    author    = {Veronika Grimm and Friederike Mengel and Martin Schmidt},
    journal   = {Scientific Reports},
    title     = {Extensions of the {SEIR} model for the analysis of tailored social distancing and tracing approaches to cope with {COVID}-19},
    year      = {2021},
    month     = {2},
    number    = {1},
    volume    = {11},
    doi       = {10.1038/s41598-021-83540-2},
    publisher = {Springer Science and Business Media {LLC}}
}

@article{owidcoronavirus,
    author  = {Max Roser and Hannah Ritchie and Esteban Ortiz-Ospina and Joe Hasell},
    journal = {Our World in Data},
    title   = {Coronavirus Pandemic (COVID-19)},
    year    = {2020},
    note    = {https://ourworldindata.org/coronavirus}
}

@unpublished{DPA2021,
    author  = {{Deutsche Presse Agentur}},
    title   = {Laschet droht mit Corona-Testpflicht für Schüler},
    month   = mar,
    year    = {2021},
    comment = {""Die Tests sind da, sie sind jetzt schon in den meisten Schulen", sagte Ministerpräsident Laschet am Dienstagabend bei Markus Lanz."  "Ministerpräsident Armin Laschet (CDU) hat eine Corona-Testpflicht für Schüler in Nordrhein-Westfalen angedroht."},
    url     = {https://www.sueddeutsche.de/politik/regierung-duesseldorf-laschet-droht-mit-corona-testpflicht-fuer-schueler-dpa.urn-newsml-dpa-com-20090101-210331-99-35946}
}

@article{BayrischerRundfunk2021,
    author  = {{Bayrischer Rundfunk}},
    title   = {Schnelltests, Unterricht, Ferien: Die Pläne für Bayerns Schüler},
    year    = {2021},
    comment = {Bayern habe "genug Schnelltests für Schule und Kita", betonte der Ministerpraesident. Er appellierte erneut an alle Beteiligten, die Selbsttests zu nutzen.

Hunderttausende Schnelltests werden derzeit ausgeliefert. Laut dem bayerischen Gesundheitsministerium koennen sich das Personal in Kitas und die Lehrkraefte an den Schulen kuenftig zweimal woechentlich auf Corona testen lassen.},
    url     = {https://www.br.de/nachrichten/bayern/corona-die-plaene-fuer-bayerns-schulen-und-schueler,SR3zmoO}
}

@article{MinisteriumKultus2021,
    author  = {{Ministerium für Kultus, Jugend und Sport Baden Württemberg}},
    journal = {Pressemitteilungen},
    title   = {Erweiterte Teststrategie - Selbsttests an Schulen},
    year    = {2021},
    month   = apr,
    comment = {"Nach den Osterferien, also ab dem 12. April, stehen nicht nur für Beschäftigte an Schulen und Schulkindergärten, sondern auch für Schülerinnen und Schüler anlasslose Schnelltestmöglichkeiten zur Verfügung. "

"Im Rahmen der Teststrategie soll an den Schulen im Land nach den Osterferien zunächst eine einwöchige Startphase gelten: In der Woche ab dem 12. April sollen alle in den schulischen Präsenzbetrieb sowie in die Notbetreuung einbezogenen Personen das dann vorgehaltene Testangebot zunächst noch auf freiwilliger Basis in Anspruch nehmen können. Mit der zweiten Kalenderwoche nach den Osterferien, also ab dem 19. April, soll in Stadt- und Landkreisen an den Schulen eine inzidenzabhängige indirekte Testpflicht - siehe weitere Informationen im Folgenden - eingeführt werden: Ein negatives Testergebnis soll dann Voraussetzung für die Teilnahme am Präsenzunterricht an öffentlichen Schulen und Schulen in freier Trägerschaft. "},
    url     = {https://km-bw.de/,Lde/startseite/service/2021-04-08-selbsttests-an-schulen}
}

@unpublished{SueddeutscheZeitung2021,
    author  = {{Sueddeutsche Zeitung}},
    title   = {Streit um Corona-Tests an Schulen und Kitas},
    month   = mar,
    year    = {2021},
    comment = {Geplant ist eine Übungswoche vor den Osterferien, damit sich Lehrer und Schüler mit den Abläufen vertraut machen können. Schulen, die die Tests bereits erhalten haben, können aber auch schon in dieser Woche starten. Nach Ostern sollen sich dann sowohl das Personal als auch die Schüler anlasslos einmal pro Woche vor Unterrichtsbeginn testen können.},
    url     = {https://www.sueddeutsche.de/politik/landtag-hannover-streit-um-corona-tests-an-schulen-und-kitas-dpa.urn-newsml-dpa-com-20090101-210317-99-861756}
}

@unbuplished{SueddeutscheZeitung2021a,
    author  = {{Sueddeutsche Zeitung}},
    title   = {Corona-Testpflicht ab Mittwoch an weiterführenden Schulen},
    month   = mar,
    year    = {2021},
    comment = {An allen weiterführenden Schulen in Sachsen stehen flächendeckend von Mittwoch an die versprochenen Selbsttests zur Verfügung. "Damit wird eine wöchentliche Testung der Schülerinnen und Schüler ab Klasse fünf verpflichtend", kündigte Kultusminister Christian Piwarz (CDU) am Dienstag nach einer Sitzung des Kabinetts in Dresden an.},
    url     = {https://www.sueddeutsche.de/politik/regierung-dresden-corona-testpflicht-ab-mittwoch-an-weiterfuehrenden-schulen-dpa.urn-newsml-dpa-com-20090101-210316-99-846833}
}

@article{Kuehn2020,
    author    = {Martin J. Kühn and Daniel Abele and Tanmay Mitra and Wadim Koslow and Majid Abedi and Kathrin Rack and Martin Siggel and Sahamoddin Khailaie and Margrit Klitz and Sebastian Binder and Luca Spataro and Jonas Gilg and Jan Kleinert and Matthias Häberle and Lena Plötzke and Christoph D. Spinner and Melanie Stecher and Xiao Xiang Zhu and Achim Basermann and Michael Meyer-Hermann},
    title     = {Assessment of effective mitigation and prediction of the spread of {SARS}-{CoV}-2 in Germany using demographic information and spatial resolution},
    year      = {2020},
    month     = {dec},
    comment   = {contains seasonality estimates},
    doi       = {10.1101/2020.12.18.20248509},
    publisher = {Cold Spring Harbor Laboratory}
}

@article{Kretzschmar2020,
    author    = {Mirjam E Kretzschmar and Ganna Rozhnova and Martin C J Bootsma and Michiel van Boven and Janneke H H M van de Wijgert and Marc J M Bonten},
    journal   = {The Lancet Public Health},
    title     = {Impact of delays on effectiveness of contact tracing strategies for {COVID}-19: a modelling study},
    year      = {2020},
    month     = {8},
    number    = {8},
    pages     = {e452--e459},
    volume    = {5},
    doi       = {10.1016/s2468-2667(20)30157-2},
    publisher = {Elsevier {BV}}
}

@article{Luijten2021,
    author    = {Michiel A. J. Luijten and Maud M. van Muilekom and Lorynn Teela and Tinca J. C. Polderman and Caroline B. Terwee and Josjan Zijlmans and Leonie Klaufus and Arne Popma and Kim J. Oostrom and Hedy A. van Oers and Lotte Haverman},
    journal   = {Quality of Life Research},
    title     = {The impact of lockdown during the {COVID}-19 pandemic on mental and social health of children and adolescents},
    year      = {2021},
    month     = {may},
    doi       = {10.1007/s11136-021-02861-x},
    publisher = {Springer Science and Business Media {LLC}}
}

@article{Melegari2021,
    author    = {M.G. Melegari and M. Giallonardo and R. Sacco and L. Marcucci and S. Orecchio and O. Bruni},
    journal   = {Psychiatry Research},
    title     = {Identifying the impact of the confinement of Covid-19 on emotional-mood and behavioural dimensions in children and adolescents with attention deficit hyperactivity disorder ({ADHD})},
    year      = {2021},
    month     = {feb},
    pages     = {113692},
    volume    = {296},
    doi       = {10.1016/j.psychres.2020.113692},
    publisher = {Elsevier {BV}}
}

@article{Carlson2020,
    author    = {Colin J. Carlson and Ana C. R. Gomez and Shweta Bansal and Sadie J. Ryan},
    journal   = {Nature Communications},
    title     = {Misconceptions about weather and seasonality must not misguide {COVID}-19 response},
    year      = {2020},
    month     = {8},
    number    = {1},
    volume    = {11},
    doi       = {10.1038/s41467-020-18150-z},
    publisher = {Springer Science and Business Media {LLC}}
}

@article{Cheng2021,
    author       = {Cheng, Yafang and Ma, Nan and Witt, Christian and Rapp, Steffen and Wild, Philipp S. and Andreae, Meinrat O. and P{\"o}schl, Ulrich and Su, Hang},
    journal      = {Science},
    title        = {Face masks effectively limit the probability of SARS-CoV-2 transmission},
    year         = {2021},
    issn         = {0036-8075},
    abstract     = {Airborne transmission by droplets and aerosols is important for the spread of viruses. Face masks are a well-established preventive measure, but their effectiveness for mitigating SARS-CoV-2 transmission is still under debate. We show that variations in mask efficacy can be explained by different regimes of virus abundance and related to population-average infection probability and reproduction number. For SARS-CoV-2, the viral load of infectious individuals can vary by orders of magnitude. We find that most environments and contacts are under conditions of low virus abundance (virus-limited) where surgical masks are effective at preventing virus spread. More advanced masks and other protective equipment are required in potentially virus-rich indoor environments including medical centers and hospitals. Masks are particularly effective in combination with other preventive measures like ventilation and distancing.},
    doi          = {10.1126/science.abg6296},
    elocation-id = {eabg6296},
    eprint       = {https://science.sciencemag.org/content/early/2021/05/19/science.abg6296.full.pdf},
    publisher    = {American Association for the Advancement of Science},
    url          = {https://science.sciencemag.org/content/early/2021/05/19/science.abg6296}
}

@article{Vlachos2021,
    author       = {Vlachos, Jonas and Herteg{\r a}rd, Edvin and B. Svaleryd, Helena},
    journal      = {Proceedings of the National Academy of Sciences},
    title        = {The effects of school closures on SARS-CoV-2 among parents and teachers},
    year         = {2021},
    issn         = {0027-8424},
    number       = {9},
    volume       = {118},
    abstract     = {Many countries closed schools during the pandemic to contain the spread of SARS-CoV-2. Sweden closed upper-secondary schools, while lower-secondary schools remained open, allowing for an evaluation of school closures. This study analyzes the impact of school closures on the spread of SARS-CoV-2 by comparing groups exposed and not exposed to open schools. We find that exposure to open schools resulted in a small increase in infections among parents. Among teachers, the infection rate doubled, and infections spilled over to their partners. This suggests that keeping lower-secondary schools open had a minor impact on the overall spread of SARS-CoV-2 in society. However, teachers are affected, and measures to protect them could be considered.To reduce the transmission of severe acute respiratory syndrome coronavirus 2 (SARS-CoV-2), most countries closed schools, despite uncertainty if school closures are an effective containment measure. At the onset of the pandemic, Swedish upper-secondary schools moved to online instruction, while lower-secondary schools remained open. This allows for a comparison of parents and teachers differently exposed to open and closed schools, but otherwise facing similar conditions. Leveraging rich Swedish register data, we connect all students and teachers in Sweden to their families and study the impact of moving to online instruction on the incidence of SARS-CoV-2 and COVID-19. We find that, among parents, exposure to open rather than closed schools resulted in a small increase in PCR-confirmed infections (odds ratio [OR] 1.17; 95\% CI [CI95] 1.03 to 1.32). Among lower-secondary teachers, the infection rate doubled relative to upper-secondary teachers (OR 2.01; CI95 1.52 to 2.67). This spilled over to the partners of lower-secondary teachers, who had a higher infection rate than their upper-secondary counterparts (OR 1.29; CI95 1.00 to 1.67). When analyzing COVID-19 diagnoses from healthcare visits and the incidence of severe health outcomes, results are similar for teachers, but weaker for parents and teachers{\textquoteright} partners. The results for parents indicate that keeping lower-secondary schools open had minor consequences for the overall transmission of SARS-CoV-2 in society. The results for teachers suggest that measures to protect teachers could be considered.Data are available from Statistics Sweden, the Public Health Agency, and the National Board of Health and Welfare following an ethical review. See SI Appendix for details on the respective databases. For further information on data availability and data access see ref. 33. Computer code is available at Open Science Framework (DOI: 10.17605/OSF.IO/4ZEGU).},
    doi          = {10.1073/pnas.2020834118},
    elocation-id = {e2020834118},
    eprint       = {https://www.pnas.org/content/118/9/e2020834118.full.pdf},
    publisher    = {National Academy of Sciences},
    url          = {https://www.pnas.org/content/118/9/e2020834118}
}

@book{Shapley2016,
    author    = {Shapley, Lloyd S},
    publisher = {Princeton University Press},
    title     = {17. A value for n-person games},
    year      = {2016}
}

@article{Dorn2020b,
    title     = {Die volkswirtschaftlichen Kosten des Corona-Shutdown f{\"u}r Deutschland: Eine Szenarienrechnung},
    author    = {Dorn, Florian and Fuest, Clemens and G{\"o}ttert, Marcell and Krolage, Carla and Lautenbacher, Stefan and Link, Sebastian and Peichl, Andreas and Reif, Magnus and Sauer, Stefan and St{\"o}ckli, Marc and others},
    journal   = {ifo Schnelldienst},
    volume    = {73},
    number    = {04},
    pages     = {29--35},
    year      = {2020},
    publisher = {Ifo Institute - Leibniz Institute for Economic Research at the University of Munich},
    comment   = {This was back in March so not the most current data but the best I found. "Schon bei einer Shutdown Dauer von zwei Monaten  erreichen  die  Kosten  je  nach  Szenario  zwischen  255  und  495  Mrd.  Euro" -> mean estimate is 6.25 Mrd. EUR per day}
}

@TechReport{KochInstitut2021a,
  author    = {{Robert Koch-Institut}},
  title     = {Corona-Monitoring bundesweit (RKI-SOEP-Studie)},
  doi       = {10.25646/8565},
  language  = {de},
  keywords  = {610 Medizin und Gesundheit},
  publisher = {{Robert Koch Institut}},
  year      = {2021},
}

@article{FetzerGraeber2021,
    author  = {Thiemo Fetzer and Thomas Graeber},
    journal = {Proceedings of the National Academy of Sciences},
    title   = {Measuring the Scientific Effectiveness of Contact Tracing: Evidence from a Natural Experiment},
    year    = {forthcoming}
}

@article{Mina2021,
    author    = {Mina, Michael J. and Andersen, Kristian G.},
    title     = {COVID-19 testing: One size does not fit all},
    volume    = {371},
    number    = {6525},
    pages     = {126--127},
    year      = {2021},
    doi       = {10.1126/science.abe9187},
    publisher = {American Association for the Advancement of Science},
    issn      = {0036-8075},
    url       = {https://science.sciencemag.org/content/371/6525/126},
    eprint    = {https://science.sciencemag.org/content/371/6525/126.full.pdf},
    journal   = {Science}
}

@article{Gavenciak2021,
    author       = {Gaven{\v c}iak, Tom{\'a}{\v s} and Monrad, Joshua Teperowski and Leech, Gavin and Sharma, Mrinank and Mindermann, S{\"o}ren and Brauner, Jan Marcus and Bhatt, Samir and Kulveit, Jan},
    title        = {Seasonal variation in SARS-CoV-2 transmission in temperate climates},
    elocation-id = {2021.06.10.21258647},
    year         = {2021},
    doi          = {10.1101/2021.06.10.21258647},
    publisher    = {Cold Spring Harbor Laboratory Press},
    abstract     = {While seasonal variation has a known influence on the transmission of several respiratory viral infections, its role in SARS-CoV-2 transmission remains unclear. As previous analyses have not accounted for the implementation of non-pharmaceutical interventions (NPIs) in the first year of the pandemic, they may yield biased estimates of seasonal effects. Building on two state-of-the-art observational models and datasets, we adapt a fully Bayesian method for estimating the association between seasonality and transmission in 143 temperate European regions. We find strong seasonal patterns, consistent with a reduction in the time-variable Rt of 42.1\% (95\% CI: 24.7\% {\textendash} 53.4\%) from the peak of winter to the peak of summer. These results imply that the seasonality of SARS-CoV-2 transmission is comparable in magnitude to the most effective individual NPIs but less than the combined effect of multiple interventions.Competing Interest StatementThe authors have declared no competing interest.Funding StatementJ. T. Monrad acknowledges funding from the Augustinus Foundation, the Knud Hojgaard Foundation, the William Demant Foundation, the Aage and Johanne Louis-Hansen Foundation, and the Kai and Gunhild Lange Foundation. M. Sharma was supported by the EPSRC Centre for Doctoral Training in Autonomous Intelligent Machines and Systems (EP/S024050/1) and a grant from the EA Funds programme. S. Mindermann{\textquoteright}s funding for graduate studies was from Oxford University and DeepMind. G.Leech was supported by the UKRI Centre for Doctoral Training in Interactive Artificial Intelligence (EP/S022937/1). S.Bhatt acknowledges funding from the MRC Centre for Global Infectious Disease Analysis (MR/R015600/1), jointly funded by the U.K. Medical Research Council (MRC) and the U.K. Foreign, Commonwealth and Development Office (FCDO), under the MRC/FCDO Concordat agreement; is a part of the EDCTP2 program supported by the European Union; and acknowledges funding by Community Jameel. J.M. Brauner was supported by the EPSRC Centre for Doctoral Training in Autonomous Intelligent Machines and Systems (EP/S024050/1) and by Cancer Research UK. S. Bhatt acknowledges The UK Research and Innovation (MR/V038109/1), the Academy of Medical Sciences Springboard Award (SBF004/1080), The MRC (MR/R015600/1), The BMGF (OPP1197730), Imperial College Healthcare NHS Trust- BRC Funding (RDA02), The Novo Nordisk Young Investigator Award (NNF20OC0059309) and The NIHR Health Protection Research Unit in Modelling Methodology.Author DeclarationsI confirm all relevant ethical guidelines have been followed, and any necessary IRB and/or ethics committee approvals have been obtained.YesThe details of the IRB/oversight body that provided approval or exemption for the research described are given below:No approval required for research on fully anonymised data, as per the Central University Research Ethics Committee (CUREC) of the University of Oxford. https://researchsupport.admin.ox.ac.uk/governance/ethics/applyAll necessary patient/participant consent has been obtained and the appropriate institutional forms have been archived.YesI understand that all clinical trials and any other prospective interventional studies must be registered with an ICMJE-approved registry, such as ClinicalTrials.gov. I confirm that any such study reported in the manuscript has been registered and the trial registration ID is provided (note: if posting a prospective study registered retrospectively, please provide a statement in the trial ID field explaining why the study was not registered in advance).Yes I have followed all appropriate research reporting guidelines and uploaded the relevant EQUATOR Network research reporting checklist(s) and other pertinent material as supplementary files, if applicable.YesSpring 2020 dataset has been published in Brauner et al.: "The effectiveness of eight nonpharmaceutical interventions against COVID-19 in 41 countries". Fall-winter 2020 dataset is currently available upon request. The entire implementation is publicly available on GitHub. https://github.com/gavento/covid_seasonal_Brauner https://github.com/gavento/covid_seasonal_Sharma},
    url          = {https://www.medrxiv.org/content/early/2021/06/13/2021.06.10.21258647},
    eprint       = {https://www.medrxiv.org/content/early/2021/06/13/2021.06.10.21258647.full.pdf},
    journal      = {medRxiv}
}

@unpublished{StillmanTonin2021,
    author = {Steven Stillman, and Tonin, Mirco},
    title  = {Communities and Testing for {COVID-19}},
    note   = {IZA Discussion Paper No. 14012},
    year   = {2021}
}

@article{Wollmershauser2021,
    author  = {Timo Wollmersh\"{a}user},
    title   = {Konjunkturelle Auswirkungen der zweiten Coronawelle auf ausgewählte Wirtschaftsbereiche},
    journal = {ifo Schnelldienst Digital},
    year    = {2021},
    volume  = {2},
    number  = {5},
    url     = {https://www.ifo.de/publikationen/2021/aufsatz-zeitschrift/konjunkturelle-auswirkungen-der-zweiten-corona-welle}
}

@Article{Isphording2021,
  author    = {Ingo E. Isphording and Marc Lipfert and Nico Pestel},
  journal   = {Journal of Public Economics},
  title     = {Does re-opening schools contribute to the spread of {SARS}-{CoV}-2? Evidence from staggered summer breaks in Germany},
  year      = {2021},
  month     = {jun},
  pages     = {104426},
  volume    = {198},
  doi       = {10.1016/j.jpubeco.2021.104426},
  publisher = {Elsevier {BV}},
}

@Article{KronfeldSchor2021,
  author    = {N. Kronfeld-Schor and T. J. Stevenson and S. Nickbakhsh and E. S. Schernhammer and X. C. Dopico and T. Dayan and M. Martinez and B. Helm},
  journal   = {Journal of Biological Rhythms},
  title     = {Drivers of Infectious Disease Seasonality: Potential Implications for {COVID}-19},
  year      = {2021},
  month     = {jan},
  number    = {1},
  pages     = {35--54},
  volume    = {36},
  doi       = {10.1177/0748730420987322},
  publisher = {{SAGE} Publications},
}

@TechReport{Destatis2020,
  author      = {Destatis},
  institution = {Statistisches Bundesamt},
  title       = {Betreuungsquote von Kindern unter 6 Jahren nach Bundesländern},
  year        = {2020},
  url         = {https://www.destatis.de/DE/Themen/Gesellschaft-Umwelt/Soziales/Kindertagesbetreuung/Tabellen/betreuungsquote-2018.html},
}

@online{BMWI2021,
    author = {{Bundesministerium für Wirtschaft und Energie}},
    title = {Corona-Tests in der Wirtschaft: Ergebnisse der Umfragen bei Beschäftigten und Unternehmen},
    date = {2021-04-08},
    url = {https://www.bmwi.de/Redaktion/DE/Pressemitteilungen/2021/04/20210408-corona-tests-in-der-wirtschaft-ergebnisse-umfragen.html},
    urldate = {2021-06-24},
    titleaddon = {Pressemitteilung},
    comment = {"Auf der Beschäftigtenseite zeigt sich, dass aktuell 6 von 10 Beschäftigten (61 Prozent) eine Arbeitgeberin oder einen Arbeitgeber haben, die/der Corona-Tests anbietet. Von den rund 40 Prozent der Beschäftigten, die zurzeit kein Testangebot von ihren Arbeitgeberinnen und Arbeitgebern zur Verfügung gestellt bekommen, gaben wiederum 30 Prozent an, ihr Arbeitgeber habe dies in Aussicht gestellt. Nimmt man diese Gruppe hinzu, so erhalten insgesamt etwa 70 Prozent der Beschäftigten ein Testangebot oder es wurde ihnen zumindest angekündigt. Mitte März lag dieser Anteil bei 35 Prozent."},
}

@online{STMGP2021,
    author = {{Bayerisches Staatsministerium für Gesundheit und Pflege}},
    title = {Holetschek: Bayern hat frühzeitig Selbsttests gesichert - Schulen und Kitas bekommen schon nächste Woche 1,3 Millionen Selbsttests},
    date = {2021-02-26},
    url = {https://www.stmgp.bayern.de/presse/holetschek-bayern-hat-fruehzeitig-selbsttests-gesichert-schulen-und-kitas-bekommen-schon/},
    titleaddon = {Pressemitteilung Nr. 44/GP},
    urldate = {2021-06-24},
    comment = {"Ab März können sich insgesamt rund 350.000 Lehrkräfte, Betreuerinnen und Betreuer sowie weiteres Personal zwei Mal pro Woche selbst testen – kostenlos und freiwillig"},
}

@online{NSMK2021,
    author = {{Niedersächsisches Kultusministerium}},
    title = {Selbsttests an Schulen laufen an - Auslieferung der ersten 400.000 Tests beginnt heute, Testwoche startet Montag},
    date = {2021-03-18},
    url = {https://www.mk.niedersachsen.de/startseite/aktuelles/presseinformationen/selbsttests-an-schulen-laufen-an-erste-400-000-tests-ab-heute-in-der-auslieferung-testwoche-startet-montag-198555.html},
    titleaddon = {Pressemitteilung},
    urldate = {2021-06-24},
    comment = {"Ab Montag, 22.03.2021, können sich Schülerinnen und Schüler sowie Schulbeschäftigte in Niedersachsen selbst auf das Coronavirus SARS-CoV-2 testen. Zum Start der „Testwoche“ vor den Osterferien werden ab heute (Mittwoch, 17.03.21) und morgen (Donnerstag, 18.03.2021) die ersten 400.000 Testkits überwiegend an Schulen in Südniedersachsen ausgeliefert."},
}

@online{SMK2021,
    author = {{Sächsisches Staatsministerium für Kultus}},
    title = {Selbsttests für Schüler und Lehrer ab Mittwoch},
    date = {2021-03-16},
    url = {https://www.medienservice.sachsen.de/medien/news/248791},
    urldate = {2021-06-24},
    comment = {"Ab Mittwoch (17. März) werden an allen weiterführenden Schulen Selbsttests zur Verfügung stehen. »Damit wird eine wöchentliche Testung der Schülerinnen und Schüler ab Klasse fünf verpflichtend."},
}

@online{BayerischeStaatskanzlei2021,
    author = {{Bayerische Staatskanzlei}},
    title = {Bericht aus der Kabinettssitzung vom 7. April 2021},
    date = {2021-04-07},
    url = {https://www.bayern.de/bericht-aus-der-kabinettssitzung-vom-7-april-2021/?seite=2453},
    titleaddon = {Pressemitteilung},
    urldate = {2021-06-24},
    comment = {"Bei einer 7-Tage-Inzidenz unter 100 gilt für Schülerinnen und Schüler eine zweimal wöchentliche Testpflicht an der Schule als Voraussetzung für eine Teilnahme am Präsenzunterricht. Bei einer 7-Tage-Inzidenz von über 100 gilt diese Testpflicht mindestens zweimal wöchentlich. Diese Testpflichten gelten ebenso für Lehrkräfte und das weitere an Schulen tätige Personal."},
}

@online{SchulministeriumNRW2021,
    author = {{Ministerium für Schule und Bildung des Landes Nordrhein-Westfalen}},
    title = {Umfassende Informationen für die Schulen zu Corona-Selbsttests für Schülerinnen und Schüler},
    date = {2021-03-15},
    url = {https://www.land.nrw/de/pressemitteilung/umfassende-informationen-fuer-die-schulen-zu-corona-selbsttests-fuer-schuelerinnen},
    titleaddon = {Pressemitteilung},
    urldate = {2021-06-27},
    comment = {"Die Testungen für das Schulpersonal sind schon seit längerer Zeit geregelt: In Nordrhein-Westfalen können sich alle an Schulen tätigen Personen seit dem 11. Januar bis zum letzten Schultag vor den Osterferien (26. März 2021) bis zu zwei Mal pro Woche anlasslos zu einem frei gewählten Termin testen lassen."}
}

@online{SchulministeriumNRW2021a,
    author = {{Ministerium für Schule und Bildung des Landes Nordrhein-Westfalen}},
    title = {Landesregierung führt Testpflicht an Schulen ein - künftig für alle Schülerinnen und Schüler zwei Tests pro Woche},
    date = {2021-04-01},
    url = {https://www.schulministerium.nrw/presse/pressemitteilungen/landesregierung-fuehrt-testpflicht-schulen-ein-kuenftig-fuer-alle},
    titleaddon = {Pressemitteilung},
    urldate = {2021-06-24},
    comment = {"Die Landesregierung wird eine Testpflicht für Schülerinnen und Schüler einführen."},
}

@online{SchulministeriumNRW2021b,
    author = {{Ministerium für Schule und Bildung des Landes Nordrhein-Westfalen}},
    title = {Schulbetrieb im Wechselunterricht ab Montag, 19.April 2021 // Coronaselbsttests an Schulen - Testpflicht},
    date = {2021-04-14},
    url = {https://www.schulministerium.nrw/14042021-schulbetrieb-im-wechselunterricht-ab-montag-19-april-2021-coronaselbsttests-schulen},
    urldate = {2021-06-27},
    comment = {"Eine solche Testpflicht gilt in Nordrhein-Westfalen bereits seit dem 12. April 2021 an allen Schulen."},
}

@online{KMBaWue2021,
    author = {{Ministerium für Kultus, Jugend und Sport Baden-Württemberg}},
    title = {Informationen zum Schulbetrieb nach den Osterferien},
    date = {2021-04-02},
    url = {https://km-bw.de/,Lde/9112691},
    titleaddon = {Pressemitteilung},
    urldate = {2021-06-24},
    comment = {"Das nach den Osterferien vorgehaltene Testangebot kann von den Personen, die in den Präsenzbetrieb und die Notbetreuung einbezogen sind, ab dem 12. April zunächst auf freiwilliger Basis in Anspruch genommen werden. Ab dem 19. April soll die Testung dann verpflichtend werden und Zugangsvoraussetzung für den Präsenzunterricht und die Notbetreuung sein."},
}

@TechReport{Bundesanzeiger2021a,
    author = {Bundesanzeiger},
    institution = {Bundesministerium für Gesundheit},
    title = {Verordnung zum Anspruch auf Testung in Bezug auf einen direkten Erregernachweis des Coronavirus SARS-CoV-2 (Coronavirus-Testverordnung - TestV)},
    date = {2021-03-08},
    url = {https://www.bundesgesundheitsministerium.de/fileadmin/Dateien/3_Downloads/C/Coronavirus/Verordnungen/Corona-TestV_BAnz_AT_09.03.2021_V1.pdf},
    comment = {"§ 4a Bürgertestung Asymptomatische Personen haben Anspruch auf Testung mittels PoC-Antigen-Tests."},

}

@online{Bundesregierung2021,
    author = {{Presse- und Informationsamt der Bundesregierung}},
    title = {Erste Zulassungen für Selbsttests},
    date = {2021-02-24},
    url = {https://www.bundesregierung.de/breg-de/themen/coronavirus/zulassung-schnell-test-1861354},
    urldate = {2021-06-24},
    comment = {"Das Bundesinstitut für Arzneimittel und Medizinprodukte (BfArM) hat die ersten Sonderzulassungen für drei Antigen-Tests erteilt, die durch Laien als Selbsttest angewendet werden können."},
}

@online{Betsch2021a,
    author = {Betsch, Cornelia and Korn, Lars and Felgendreff, Lisa and Eitze, Sarah and Schmid, Philipp and Sprengholz, Philipp and Wieler, Lothar and Schmich, Patrick and Stollorz, Volker and Ramharter, Michael and Bosnjak, Michael and Omer, Saad B. and Thaiss, Heidrun and De Bock, Freia and von Rüden, Ursula},
    title = {Zusammenfassung und Empfehlungen Welle 37},
    date = {2021-02-26},
    url = {https://projekte.uni-erfurt.de/cosmo2020/web/summary/37/},
    urldate = {2021-06-27},
    comment = {"Als häufigster Grund für einen Schnelltest werden immer noch eigene Symptome (70%) und der Kontakt mit einer Infizierten Person (63%) genannt."},
}

@report{IZA2021,
    author = {Bonin, Holger and Krause-Pilatus, Annabelle and Rinne, Ulf},
    title = {Verbreitung von Homeoffice und Corona-Tests der
    Arbeitgeber Ende März-Anfang April 2021},
    date = {2021-04-15},
    subtitle = {Ergebnisse einer repräsentativen Befragung von
    abhängig Beschäftigten},
    titleaddon = {Forschungsbericht 570/3},
    url = {https://www.bmas.de/SharedDocs/Downloads/DE/Publikationen/Forschungsberichte/fb-570-3-verbreitung-homeoffice-corona-tests-ende-maerz-april-2021.pdf;jsessionid=C652579EFEAB79C3DA916404FA8AAC75.delivery1-replication?__blob=publicationFile&v=3},
    urldate = {2021-06-27},
}

@Article{Smith2021,
  author       = {Rebecca L Smith and Laura L Gibson and Pamela P Martinez and Ruian Ke and Agha Mirza and Madison Conte and Nicholas Gallagher and Abigail Conte and Leyi Wang and Richard Fredrickson and Darci C Edmonson and Melinda E Baughman and Karen K Chiu and Hannah Choi and Tor W Jensen and Kevin R Scardina and Shannon Bradley and Stacy L Gloss and Crystal Reinhart and Jagadeesh Yedetore and Alyssa N Owens and John Broach and Bruce Barton and Peter Lazar and Darcy Henness and Todd Young and Alastair Dunnett and Matthew L Robinson and Heba H Mostafa and Andrew Pekosz and Yukari C Manabe and William J Heetderks and David D McManus and Christopher B Brooke},
  date         = {2021-06},
  journaltitle = {The Journal of Infectious Diseases},
  title        = {Longitudinal assessment of diagnostic test performance over the course of acute {SARS}-{CoV}-2 infection},
  doi          = {10.1093/infdis/jiab337},
  publisher    = {Oxford University Press ({OUP})},
}

@TechReport{Atkeson2020,
  author      = {Atkeson, Andrew and Droste, Michael C and Mina, Michael and Stock, James H},
  institution = {National Bureau of Economic Research},
  title       = {Economic Benefits of COVID-19 Screening Tests},
  doi         = {10.3386/w28031},
  number      = {28031},
  type        = {Working Paper},
  url         = {http://www.nber.org/papers/w28031},
  abstract    = {We assess the economic value of screening testing programs as a policy response to the ongoing COVID-19 pandemic. We find that the fiscal, macroeconomic, and health benefits of rapid SARS-CoV-2 screening testing programs far exceed their costs, with the ratio of economic benefits to costs typically in the range of 4-15 (depending on program details), not counting the monetized value of lives saved. Unless the screening test is highly specific, however, the signal value of the screening test alone is low, leading to concerns about adherence. Confirmatory testing increases the net economic benefits of screening tests by reducing the number of healthy workers in quarantine and by increasing adherence to quarantine measures. The analysis is undertaken using a behavioral SIR model for the United States with 5 age groups, 66 economic sectors, screening and diagnostic testing, and partial adherence to instructions to quarantine or to isolate.},
  month       = {October},
  series      = {Working Paper Series},
  year        = {2020},
}

@TechReport{BertelsmannStiftung2019,
  author      = {Bertelsmann{ }Stiftung},
  date        = {2019},
  institution = {Bertelsmann{ }Stiftung},
  title       = {L{\"a}ndermonitor Fr{\"u}hkindliche Bildungssysteme 2019},
  url         = {https://www.laendermonitor.de/fileadmin/files/Projekte/Laendermonitoring_Fruehkindliche_Bildungssysteme/Laendermonitor_2019/IN_Keyfacts_alle_Bundeslaender_2019_01.pdf},
}

@Book{OECD2013,
  author = {OECD},
  title  = {Bildung auf einen Blick 2013: OECD-Indikatoren},
  doi    = {https://doi.org/https://doi.org/10.1787/eag-2013-de},
  pages  = {530},
  url    = {https://www.oecd-ilibrary.org/content/publication/eag-2013-de},
  year   = {2013},
}

@Article{VygenBonnet2020,
  author = {Vygen-Bonnet, Sabine and Koch, Judith and Bogdan, Christian and Harder, Thomas and Heininger, Ulrich and Kling, Kerstin and Littmann, Martina and Meerpohl, Joerg and Meyer, Heidi and Mertens, Thomas and Schmid-Küpke, Nora and Scholz, Stefan and Terhardt, Martin and Treskova-Schwarzbach, Marina and Überla, Klaus and van der Sande, Marianne and Wichmann, Ole and Wicker, Sabine and Wiedermann, Ursula and Wild, Verina and von Kries, Rüdiger},
  title  = {Beschluss und Wissenschaftliche Begründung der Ständigen Impfkommission (STIKO) für die COVID-19-Impfempfehlung},
  doi    = {http://dx.doi.org/10.25646/7755.2},
  number = {2},
  pages  = {3--63},
  year   = {2020},
}

@TechReport{RKI2021c,
  author      = {{Robert Koch-Institut}},
  date        = {2021-06-29},
  institution = {Robert Koch-Institut},
  title       = {COVID-19 Impfquoten-Monitoring in Deutschland (COVIMO): Report 5 - Fokuserhebung Impfquoten},
  url         = {https://www.rki.de/DE/Content/InfAZ/N/Neuartiges_Coronavirus/Projekte_RKI/COVIMO_Reports/covimo_studie_bericht_5.pdf?__blob=publicationFile},
}

@Article{Mathieu2021,
  author       = {Edouard Mathieu and Hannah Ritchie and Esteban Ortiz-Ospina and Max Roser and Joe Hasell and Cameron Appel and Charlie Giattino and Lucas Rod{\'{e}}s-Guirao},
  date         = {2021-05},
  journaltitle = {Nature Human Behaviour},
  title        = {A global database of {COVID}-19 vaccinations},
  doi          = {10.1038/s41562-021-01122-8},
  publisher    = {Springer Science and Business Media {LLC}},
}

@TechReport{RKI2020,
  author      = {{Robert Koch-Institut}},
  date        = {2020-11-03},
  institution = {{Robert Koch-Institut}},
  title       = {Testkriterien für die SARS-CoV-2 Diagnostik: Anpassungen für die Herbst- und Wintersaison 2020/2021},
  url         = {https://www.rki.de/DE/Content/InfAZ/N/Neuartiges_Coronavirus/Teststrategie/Testkiterien_Herbst_Winter.html},
}

@Online{ECDC2021,
  author = {ECDC},
  date   = {25 Jan 2021},
  title  = {Questions and answers on COVID-19: Basic facts},
  url    = {https://www.ecdc.europa.eu/en/covid-19/questions-answers/questions-answers-basic-facts},
}

@Online{Hinch2021,
  author = {Robert Hinch and William J M Probert and Anel Nurtay and Michelle Kendall and Chris Wymatt and Matthew Hall and Katrina Lythgoe and Ana Bulas Cruz and Lele Zhao and Andrea Stewart and Luca Ferritti and Daniel Montero and James Warren and Nicole Mather and Matthew Abueg and Neo Wu and Anthony Finkelstein and David G Bonsall and Lucie Abeler-Dorner and Christophe Fraser},
  date   = {2021-05-21},
  title  = {OpenABM-Covid19 - Parameter Dictionary},
  url    = {https://github.com/BDI-pathogens/OpenABM-Covid19/blob/14e24ce298ad523eba5e6f33ee9c70a90c527b3e/documentation/parameters/parameter_dictionary.md},
}

@Online{RKI2021b,
  author = {{Robert Koch-Institut}},
  date   = {2021-06-17},
  title  = {Epidemiologischer Steckbrief zu SARS-CoV-2 und COVID-19},
  url    = {https://www.rki.de/DE/Content/InfAZ/N/Neuartiges_Coronavirus/Steckbrief.html#doc13776792bodyText16},
}

@TechReport{KochInstitute2020,
  author      = {{Robert Koch Institut}},
  institution = {{Robert Koch Institut}},
  title       = {Modellierung von Beispielszenarien der SARS-CoV-2-Epidemie 2020 in Deutschland},
  url         = {https://www.rki.de/DE/Content/InfAZ/N/Neuartiges_Coronavirus/Modellierung_Deutschland.pdf},
  year        = {2020},
}

@Online{AZ2021,
  author = {Julia Frisch},
  date   = {2021-03-02},
  editor = {ÄrzteZeitung},
  title  = {Deutsche mit hoher Corona-Impfbereitschaft – aber Wissenslücken},
  url    = {https://www.aerztezeitung.de/Politik/Deutsche-mit-hoher-Corona-Impfbereitschaft-aber-Wissensluecken-417569.html},
}

@Online{Dunkelzifferradar2020,
  author = {Christian Paul and Anna Steinberg and Christoph Schaller and Kathy Haemmerl and Leonie Thum and Marcel Parciak and Michael Knaf and Sarina Meyer and Tina Parciak and Urs Grupp},
  date   = {2020},
  editor = {Prototype Fund},
  title  = {Dunkelzifferradar},
  url    = {https://prototypefund.de/project/dunkelzifferradar/},
}

@Online{RKI2020,
  author = {{Robert Koch-Institut}},
  date   = {2020},
  title  = {Laborbasierte Surveillance SARS-CoV-2},
  url    = {https://ars.rki.de/Content/COVID19/Main.aspx},
}

@Article{Betsch2020,
  author    = {Betsch, Cornelia and Wieler, Lothar and Bosnjak, Michael and Ramharter, Michael and Stollorz, Volker and Omer, Saad and Korn, Lars and Sprengholz, Philipp and Felgendreff, Lisa and Eitze, Sarah and others},
  date      = {2020},
  title     = {Germany COVID-19 Snapshot MOnitoring (COSMO Germany): Monitoring knowledge, risk perceptions, preventive behaviours, and public trust in the current coronavirus outbreak in Germany},
  publisher = {PsychArchives},
}

@Article{Betsch2021b,
  author    = {Betsch, Cornelia and Wieler, Lothar and Bosnjak, Michael and Ramharter, Michael and Stollorz, Volker and Omer, Saad and Korn, Lars and Sprengholz, Philipp and Felgendreff, Lisa and Eitze, Sarah and others},
  date      = {2021},
  title     = {Germany COVID-19 Snapshot MOnitoring (COSMO Germany): Rapid Tests},
  url       = {https://projekte.uni-erfurt.de/cosmo2020/web/topic/wissen-verhalten/80-schnelltests/#bestätigung-von-schnelltests-durch-pcr-tests-stand-23.03.21},
  publisher = {PsychArchives},
}

@Article{Zhao2021,
  author       = {Shi Zhao and Biao Tang and Salihu S Musa and Shujuan Ma and Jiayue Zhang and Minyan Zeng and Qingping Yun and Wei Guo and Yixiang Zheng and Zuyao Yang and Zhihang Peng and Marc KC Chong and Mohammad Javanbakht and Daihai He and Maggie H. Wang},
  date         = {2021-09},
  journaltitle = {Epidemics},
  title        = {Estimating the generation interval and inferring the latent period of {COVID}-19 from the contact tracing data},
  doi          = {10.1016/j.epidem.2021.100482},
  pages        = {100482},
  volume       = {36},
  publisher    = {Elsevier {BV}},
}

@Comment{jabref-meta: databaseType:biblatex;}
